4000 5700
892 541 926 600 11

569 687 699 771 Νέστωρ
720 689 747 749 δ’
763 685 938 770 Ἀργείοισιν
958 685 1101 749 ιῖνίστοιτο
1123 689 1165 769 (v.
1184 685 1253 769 123)

264 845 295 904 et
315 839 472 904 invehitur
491 839 524 903 in
545 838 730 904 fortissimos
751 840 794 918 (v.
816 840 900 918 159):

538 985 640 1067 άμίων
660 989 687 1049 δ’
705 987 787 1070 οἵπερ
807 983 889 1048 ίασιν
915 982 1054 1068 ἀριστῆες
1075 987 1265 1066 Παναχαιῶν

263 1138 370 1220 itaque
390 1137 503 1203 Graeoi
524 1139 631 1202 Iovem
652 1143 763 1221 rogant
783 1139 825 1219 (v.
846 1137 1017 1219 179‚180):

513 1288 574 1348 Ζεά
593 1286 685 1371 πάτερ
706 1280 726 1369 ἢ
749 1285 872 1350 Αἴαντα
898 1289 998 1366 λαχεῖν
1016 1278 1035 1366 ἢ
1061 1282 1179 1357 Τυδέος
1193 1282 1259 1346 υἱὸν

511 1377 642 1465 initur
661 1387 794 1465 βασιλῆα
814 1384 1020 1463 πολυχρύσοιο
1042 1383 1197 1463 Μυκήνης.

344 1535 458 1601 Nestor
478 1535 572 1600 etiam
593 1535 679 1599 aliud
707 1533 884 1618 exemplum
905 1533 997 1598 affert
1017 1531 1196 1598 oertominis
1218 1531 1385 1615 singularis
1406 1550 1468 1613 quo
1489 1530 1558 1613 ipse

265 1668 327 1713 non
347 1655 468 1733 pugnat
486 1650 571 1733 quod
590 1669 645 1716 rex
667 1650 708 1714 sit
728 1647 792 1714 sedx
804 1650 840 1714 Il.
861 1649 922 1713 VII
945 1651 1012 1732 152,
1027 1651 1060 1712 3:

503 1796 566 1860 ἀλλ’
588 1797 639 1878 ε’μί
653 1798 759 1878 θυμάς
775 1794 861 1880 άνῆκε
882 1801 1085 1878 πολυτλήμων
1105 1795 1270 1876 πολεμίζειν

504 1895 617 1978 θάρσεὶΙ
633 1881 680 1981 ᾧ·
699 1898 781 1980 γενεῇ
794 1894 827 1956 ὀί
844 1893 992 1967 νεώτατος
1013 1892 1098 1957 ἴσκον
1118 1891 1269 1956 ἁπάντων,

344 2045 525 2110 Ereuthalio
537 2050 641 2110 autem
652 2045 686 2109 in
697 2050 854 2110 eertamen
866 2049 1035 2109 vocaverat
1046 2064 1153 2109 onmes
1164 2043 1349 2142 fortissimos
1359 2067 1389 2110 v.
1403 2045 1469 2125 150,
1479 2043 1558 2107 VII:

492 2247 495 2257 .
570 2230 604 2240 -
627 2230 668 2240 -
688 2192 939 2275 -προκαλίζετο
960 2193 1077 2266 πάντας
1099 2181 1259 2276 ἀρίστους(

344 2364 455 2446 Neque
476 2364 586 2428 melius
608 2363 699 2428 nobis
723 2362 870 2429 videntur
890 2384 929 2429 ea
949 2384 1031 2448 quae
1056 2384 1164 2447 regum
1183 2363 1312 2448 proprie
1338 2367 1410 2428 sunt
1436 2363 1477 2428 ab
1504 2362 1558 2428 illo

266 2479 410 2563 exposito
425 2477 600 2544 affirmante
619 2478 786 2544 bellatores
806 2478 990 2545 fortissimos
1012 2500 1051 2546 ao
1070 2479 1219 2564 plurimos
1236 2478 1351 2544 oironm
1370 2497 1476 2562 regem
1491 2496 1558 2542 ver-

265 2600 350 2659 sutos
370 2613 448 2660 esse.
489 2593 600 2660 Iliadis
618 2593 703 2658 enim
722 2593 796 2658 libri
810 2593 841 2657 II
863 2613 971 2660 versus
984 2597 1044 2660 576
1064 2599 1096 2660 ot
1115 2614 1145 2676 q.
1166 2613 1241 2677 seq„
1261 2594 1375 2677 quibus
1393 2593 1558 2676 Agamem·

265 2709 355 2774 nonis
377 2708 489 2774 olussis
514 2707 670 2775 ditissima
696 2713 791 2790 etque
817 2708 948 2774 oomites
974 2707 1136 2774 fortissimi
1162 2708 1394 2792 deseribuntur,
1417 2709 1451 2774 in
1478 2707 1559 2773 alias

264 2829 371 2909 pentes
387 2828 541 2910 spectant

343 2939 484 3005 Altemm
504 2959 613 3023 regum
632 2959 745 3006 munus
755 2939 940 3005 Aristoteles
960 2938 1194 3021 significaverat
1213 2938 1299 3005 hisne
1320 2938 1439 3005 verbis:

544 3084 664 3171 (κάριοι)
683 3088 731 3150 καί
752 3090 815 3151 τῶν
835 3090 957 3150 θυσιῶν
978 3081 1048 3148 ὅσαι
1067 3087 1112 3169 μὴ
1133 3084 1281 3169 ἱερατικαί

345 3256 542 3322 Publioorum
563 3262 667 3323 autem
689 3257 910 3323 sacrificiorum
937 3257 1098 3342 exempla,
1119 3257 1173 3323 ubi
1195 3255 1374 3323 saoerdotes
1394 3277 1457 3322 non
1478 3277 1558 3325 oom-

265 3378 484 3456 memoruntur,
501 3372 678 3437 invenimus
697 3373 730 3437 in
751 3370 913 3457 Odysseae
934 3372 1015 3437 libro
1037 3374 1065 3449 3,
1085 3374 1175 3435 5-9
1195 3372 1249 3437 ubi
1270 3372 1385 3437 Nestor
1404 3391 1474 3437 oum
1495 3373 1560 3439 suis

266 3490 299 3553 in
319 3488 454 3575 publicis
477 3487 579 3572 epulis
599 3492 630 3553 et
649 3487 748 3553 saeris
767 3486 915 3569 Neptuno
936 3485 1092 3552 faciendis
1113 3492 1284 3571 oeoupatus
1303 3486 1490 3571 proponitur

564 3637 612 3699 τοὶ
635 3636 661 3698 δ’
681 3636 727 3698 ἐπὶ
746 3637 810 3697 θινὶ
829 3632 990 3717 θαλάσσης
1014 3634 1076 3719 ἱερά
1098 3632 1192 3716 ῥέζον,

450 3814 457 3828 ι
564 3731 698 3817 ταάρους
719 3733 924 3815 παμμέλανας,
945 3733 1119 3814 ἐνοσίχθονι
1136 3733 1321 3818 κυανοχαίτῃ

268 3856 300 3915 et
320 3872 350 3933 q.
371 3871 435 3933 seq.

349 3966 386 4029 In
417 3958 498 4032 libro
515 3966 574 4032 Od.
596 3969 632 4028 13
662 3985 718 4030 rex
741 3965 907 4044 Alemone,
940 3966 990 4030 eui
1022 3966 1080 4031 soli
1112 3986 1132 4029 a
1163 3971 1252 4049 petre
1277 3966 1345 4031 fato
1366 3966 1563 4031 imminentia

269 4085 359 4145 orant
373 4080 544 4164 praedicta,
565 4082 646 4165 petit
665 4101 686 4144 a
705 4080 780 4145 Iove
801 4081 933 4145 sulutem
954 4101 1017 4145 non
1038 4078 1137 4146 solum
1159 4080 1220 4145 sibi
1242 4080 1298 4145 sed
1319 4081 1414 4145 etiam
1435 4080 1560 4164 populo.

269 4195 370 4274 Quum
391 4194 431 4262 ob
451 4214 579 4261 oausam
604 4195 683 4262 illud
709 4195 895 4261 saorifioium
923 4195 1102 4261 habendum
1131 4201 1179 4263 est
1204 4195 1372 4279 publicum.
1413 4195 1561 4279 Legimus

269 4317 373 4375 autem
397 4311 608 4393 13,181-3;

743 4456 934 4523 Ποσειδάωνι
955 4458 988 4522 δὲ
1009 4456 1142 4543 ταάρους

538 4554 653 4621 δώδεκα
676 4558 862 4640 κεκριμίνους
883 4553 1066 4639 ἱερεύσομεν,
1087 4556 1158 4618 αίιί
1175 4554 1289 4641 ἐλεήσῃ,

537 4658 607 4738 μηδ’
627 4654 699 4738 ἡμῖν
718 4657 873 4738 περίμηκες
891 4651 964 4736 ὅρος
983 4652 1066 4717 πόλει
1086 4650 1302 4739 ἀμφικαλύψῃ.

347 4809 421 4892 Ipse
452 4809 662 4892 Agamemno,
689 4827 797 4892 regum
827 4827 884 4873 rex
916 4812 950 4872 nt
976 4805 1023 4871 ito
1050 4804 1207 4887 dieamus,
1240 4804 1421 4889 priusquam
1437 4806 1561 4875 eroon
