4000 5700
1069 489 1105 554 18

441 616 675 718 (1111111111.
698 637 772 702 edit.
793 638 909 702 Ameis.
932 644 1026 720 atque
1049 639 1152 719 Face.)
1195 639 1318 704 Similia
1338 640 1378 704 lV
1399 641 1458 702 259
1480 640 1556 721 (vid.
1571 640 1737 726 Koeppen‚

439 756 530 818 Anm.
548 754 606 818 Bd.
624 758 649 817 1.
663 775 693 836 p.
710 754 768 814 282
787 753 849 834 [qui
869 752 959 816 addit
978 755 1143 836 „ttlrnliche
1155 755 1251 819 ldeen
1274 755 1365 837 lagen
1389 755 1440 819 bei
1461 769 1605 822 unserem
1617 756 1736 822 1111111-

441 870 523 934 wein
542 889 611 932 num
631 866 788 946 Grunde“]
808 867 1002 951 Schlimann‚
1023 890 1054 954 p.
1077 871 1124 935 28.
1145 871 1236 934 Anm.
1261 869 1297 949 l.)

519 983 728 1049 conciliorum
755 989 859 1046 autem
880 982 960 1048 alius
985 1004 1108 1067 quoque
1138 983 1208 1048 finis
1236 984 1304 1048 sinc
1331 984 1426 1049 dubio
1454 990 1529 1050 erat.
1570 986 1736 1050 Permultis

440 1098 576 1164 enimin
601 1097 693 1161 rebus
717 1117 779 1160 non
810 1117 900 1179 reges
928 1098 986 1161 soli
1014 1102 1047 1161 ut
1075 1099 1150 1180 quid
1165 1097 1233 1181 fiat,
1259 1119 1320 1162 non
1342 1099 1500 1183 principes
1521 1120 1590 1164 cum
1608 1101 1736 1183 regibus

440 1213 610 1295 imperant,
637 1212 694 1276 sed
720 1212 854 1295 populus
874 1233 996 1294 quoque
1022 1213 1063 1276 ad
1090 1213 1326 1278 deliberandum
1352 1213 1526 1278 adhibetur.
1546 1204 1548 1212 ⁴
1568 1215 1669 1293 Quam
1694 1215 1734 1280 ob

440 1347 567 1391 causam
588 1347 626 1390 ex
639 1327 786 1410 ipsarum
808 1346 908 1391 rerum
924 1332 1038 1390 natura
1056 1327 1180 1391 videtur
1199 1347 1268 1392 esse
1290 1328 1448 1411 effectum,
1467 1348 1536 1392 cum
1556 1329 1589 1392 in
1610 1331 1735 1412 magnis

441 1441 641 1505 concionibus
662 1441 852 1506 voluntatem
872 1448 966 1524 atque
984 1442 1150 1506 concilium
1171 1441 1298 1507 difficile
1318 1443 1358 1507 sit
1379 1442 1546 1526 explicare,
1568 1450 1602 1507 ut
1622 1445 1732 1529 princi-

439 1575 515 1638 pum
535 1556 701 1620 concilium
723 1557 850 1639 saepius
870 1557 897 1620 is
919 1562 1025 1620 coetus
1051 1557 1160 1640 tuerit,
1174 1559 1203 1599 ¹2
1227 1557 1259 1621 in
1281 1577 1341 1640 quo
1363 1563 1451 1626 coetu
1473 1562 1567 1621 antea
1590 1577 1639 1622 res
1659 1557 1734 1622 deli-

440 1670 621 1734 berarentur
642 1677 736 1752 atque
762 1671 999 1735 destinarentur.
1043 1671 1138 1736 Cuius
1162 1672 1334 1735 sententiae
1362 1673 1539 1756 exemplum
1559 1672 1734 1742 luculentis-

440 1785 552 1848 simum
578 1785 729 1849 habemus
755 1786 965 1850 narrationem
1000 1787 1123 1850 concilii
1158 1793 1251 1868 atque
1279 1788 1437 1851 concionis
1461 1788 1492 1850 in
1518 1788 1597 1852 libro
1627 1787 1735 1852 iliadis

440 1898 587 1962 carminis
609 1899 754 1964 secundo.
795 1901 989 1983 Agamemno
1017 1901 1100 1964 enim
1126 1920 1295 1984 praecones
1323 1908 1357 1965 ut
1385 1901 1533 1985 populum
1555 1901 1598 1965 ad
1618 1904 1733 1967 contio-

440 2032 512 2077 nem
534 2020 690 2097 vocarent‚
711 2014 857 2079 emiserat
880 2016 907 2077 ll
928 2017 983 2078 52:
1084 2077 1086 2083 τ

700 2159 727 2222 οἱ
747 2161 803 2241 μὲν
825 2159 991 2245 ἐκήρυσσον
1014 2163 1058 2225 τοὶ
1081 2165 1107 2226 δ”
1127 2162 1280 2246 ἠγείροντο
1299 2161 1371 2244 μάλ’
1393 2153 1456 2226 ὦκα

343 2347 353 2352 -
441 2313 609 2377 sedantes
632 2313 798 2378 concilium
820 2313 879 2376 init
899 2313 929 2376 ll
950 2315 1004 2377 53:

707 2461 824 2541 βουλήν
844 2461 876 2522 δὲ
894 2465 1017 2543 πρῶτον
1038 2460 1229 2544 μεγαθύμων
1248 2457 1289 2538 ἷζε
1306 2460 1465 2546 γερόντων.

520 2611 705 2677 Contionem
723 2630 836 2675 vocare
862 2616 992 2676 vocatae
1014 2632 1160 2695 praeesse
1185 2632 1293 2695 regum
1314 2620 1381 2678 crat
1403 2614 1537 2678 ollicium
1558 2635 1597 2679 ex
1620 2615 1728 2680 Schoe-

440 2727 547 2791 manni
568 2725 759 2807 aliorumque
773 2727 939 2790 sententia.

520 2843 556 2905 ln
577 2840 742 2906 concilium
763 2861 824 2905 non
845 2841 944 2906 solum
967 2863 1022 2908 rex
1043 2843 1203 2927 principes
1227 2849 1394 2909 vocaverat
1419 2843 1475 2909 sed
1503 2845 1598 2909 ctiam
1619 2844 1730 2928 princi-

439 2976 496 3040 pes
523 2977 637 3040 rcgem.
684 2956 795 3038 Neque
823 2957 907 3021 solus
939 2976 995 3021 rex
1021 2959 1195 3022 contionem
1229 2958 1332 3023 habet.
1373 2959 1491 3042 Regem
1518 2966 1622 3037 autern
1650 2960 1732 3041 Aga·
1783 3006 1787 3017 .

440 3092 634 3136 memnonem
654 3092 825 3156 praecones
852 3071 895 3137 ad
914 3073 1064 3157 populum
1085 3072 1260 3139 vocandum
1281 3074 1403 3138 misisse
1430 3075 1562 3157 legimus
1591 3076 1622 3139 Il
1644 3078 1691 3156 511,
1719 3079 1727 3134 t

440 3194 533 3268 atque
555 3186 639 3251 idem
657 3188 851 3269 Agamemno
874 3186 920 3250 lX
941 3190 985 3269 tu,
1010 3191 1062 3249 ll:

734 3335 831 3418 φοίτα
851 3331 1010 3417 κηρύκεσσι
1029 3333 1262 3419 λιγυφθόγγοισι
1283 3334 1407 3398 κελεύων

734 3428 845 3514 κλήδην
865 3434 905 3505 εἰς
926 3430 1039 3516 α’γορήν
1060 3431 1221 3515 κικλήσκειν
1242 3430 1338 3518 ἄνδρα
1360 3433 1493 3497 ἕκαστον.

519 3584 626 3664 ltaque
650 3583 760 3648 Ulixes
780 3584 927 3647 comitum
948 3585 1129 3649 concionem
1150 3586 1310 3651 constituit
1328 3589 1374 3667 10,
1400 3588 1468 3669 188;
1492 3589 1630 3670 11311

662 3733 709 3792 aui
732 3727 794 3794 τότ’
817 3732 892 3814 ἐγών
911 3730 1024 3814 α’γορῆν
1045 3731 1173 3812 θέμενος
1193 3735 1269 3812 μετὰ
1290 3738 1382 3795 πᾶσιν
1399 3733 1501 3797 ἔειπον.

517 3881 581 3947 Sed
598 3883 669 3967 ipsa
687 3883 790 3965 prima
810 3884 928 3965 concio,
953 3902 1047 3964 quam
1069 3904 1192 3948 carmen
1213 3891 1351 3950 nostrum
1372 3886 1529 3970 describit,
1549 3907 1569 3949 a
1590 3887 1730 3970 principe

438 3997 587 4080 quodam3
609 3996 650 4060 ab
673 3996 796 4061 Achille
817 4002 865 4062 est
885 4003 998 4061 vocata
1018 3999 1034 4062 l
1056 4001 1109 4060 54:

624 4113 664 4193 τῇ
683 4106 791 4194 δεκάτῃ
811 4111 837 4171 d’
858 4108 1004 4193 ἀγορήνδε
1023 4110 1191 4174 καλέσσατο
1214 4114 1288 4174 λαὸν
1306 4110 1459 4193 Ἀχιλλεύς
1471 4119 1501 4159 ¹³

509 4337 537 4368 ¹²
560 4336 652 4389 Novem
667 4338 801 4402 primomm
819 4335 885 4402 apud
906 4337 1016 4388 Achiuos
1035 4337 1060 4387 ΙΙ
1078 4304 1204 4398 404-Ᾰ8,
1222 4337 1353 4389 duodecim
1371 4353 1456 4403 regum
1476 4339 1542 4405 apud
1561 4340 1688 4392 Phaeaces
1706 4346 1730 4401 8,

439 4426 497 4482 390,
519 4427 530 4471 l
554 4426 645 4489 —qui
663 4439 735 4489 reges
758 4426 792 4489 (7,
809 4427 851 4480 49,
873 4423 916 4488 50)
935 4426 1080 4489 saepissime
1099 4434 1215 4477 vocantur
1233 4419 1357 4495 ἡγήτορες
1375 4419 1422 4490 vids*
1439 4422 1645 4493 pedamenti,
1668 4434 1730 4488 136;

438 4514 461 4566 8,
474 4513 520 4569 26,
534 4515 575 4570 97,
594 4514 653 4569 387,
673 4515 722 4561 536
742 4518 839 4576 praeter
856 4526 917 4575 qnos
933 4517 957 4561 ct
975 4511 1041 4577 apud
1058 4512 1167 4564 Achivos
1187 4518 1211 4562 et
1230 4512 1297 4578 apud
1306 4514 1433 4565 Phaeaces
1451 4514 1523 4565 multi
1540 4516 1584 4566 alii
1605 4519 1730 4582 principes

437 4604 512 4647 crant.
536 4627 562 4634 ψ

511 4687 540 4717 ¹²
564 4685 610 4745 Qui
630 4692 704 4745 11111,
723 4701 871 4751 quamquam
890 4703 916 4737 11
936 4689 1018 4752 ipsum
1036 4702 1120 4752 parem
1140 4690 1249 4739 nominat
1267 4687 1448 4753 Agamemnoni
1467 4689 1528 4741 XVI
1549 4695 1594 4741 53:

733 4768 835 4823 ὁππότε
853 4769 884 4839 δὴ
902 4771 949 4824 τὸν
967 4769 1063 4839 ὁμοῖον
1080 4769 1147 4844 ἀνὴρ
1166 4771 1287 4844 ἐθεἏῃσιν
1313 4770 1424 4847 ἀμέρσαι
