4000 5700
919 509 946 570 =3

293 657 352 724 uile
378 655 599 742 perspicimus3
634 675 693 720 noc
726 655 876 720 miramur
901 656 934 720 in
969 655 1202 722 diversissimas
1230 655 1402 722 sentemias
1437 675 1492 721 eos
1506 657 1590 721 viros

292 771 401 838 doctos
421 770 548 853 abiisse,
580 770 634 852 qui
654 769 694 835 de
714 769 875 853 republica
893 769 1051 834 homerica
1070 777 1210 853 egerunt,
1230 777 1264 834 ut
1277 770 1370 836 facile
1388 771 1447 836 boc
1468 791 1590 854 quoquc

293 887 361 952 loco
384 885 579 968 quisdicat,
605 903 671 950 rem
699 903 780 965 quae
800 883 842 948 sit
862 883 999 966 perspici
1025 903 1087 948 non
1116 903 1217 968 posse.
1258 885 1341 950 Nam
1368 886 1506 969 proiecto
1536 887 1590 952 ubi

294 1020 401 1066 verum
420 1020 483 1065 non
501 1019 558 1084 per
577 1018 611 1064 se
631 997 816 1081 intelligitur
835 1004 870 1062 ut
892 1017 999 1063 omnes
1021 1004 1172 1082 cogantur
1195 999 1276 1064 inter
1296 1019 1330 1064 se
1348 1001 1532 1082 consentire,
1550 1020 1597 1066 cx.

293 1120 407 1180 natura
425 1114 523 1180 animi
541 1113 670 1179 humani
687 1113 829 1178 homines
855 1133 929 1179 suas
956 1114 1019 1198 ipsi
1039 1114 1245 1198 cogitationes
1273 1135 1389 1198 easque
1412 1116 1491 1182 alias
1520 1117 1591 1180 aliis

294 1232 486 1316 temporibus
505 1231 598 1298 rebus
628 1231 806 1296 subiiciunt.
847 1231 925 1294 Rem
951 1250 1026 1296 vero
1055 1229 1183 1296 dubiam
1209 1231 1432 1315 rempublicam
1462 1231 1593 1296 homeri-

295 1367 365 1411 cam
386 1365 508 1429 quoque
528 1364 597 1410 esse
617 1365 687 1411 cum
709 1345 802 1410 facile
822 1352 993 1430 appareat,
1018 1346 1138 1428 regiam
1165 1352 1351 1430 potestatem
1369 1347 1464 1411 liceat
1483 1346 1593 1430 paucis

295 1462 451 1544 attingere
472 1461 685 1527 diversissime
705 1461 903 1546 explicatam.

373 1574 568 1657 Itaqueiam
589 1594 630 1638 ex
654 1575 882 1657 antiquissimis
907 1576 1098 1658 temporibus
1127 1596 1189 1640 non
1218 1575 1364 1658 deerant,
1393 1575 1446 1657 qui
1473 1575 1592 1660 regiam

295 1690 482 1774 dignitatem
507 1696 601 1772 atque
630 1696 817 1775 potestatem
849 1691 1000 1775 optimam
1029 1691 1186 1775 regendae
1215 1691 1353 1758 civitatis
1379 1691 1510 1756 formam
1538 1691 1592 1756 ha-

296 1806 405 1871 berent
432 1811 464 1869 et
492 1805 533 1869 ad
557 1825 646 1870 suam
677 1807 865 1871 sententiam
890 1807 983 1872 dictis
1020 1827 1207 1872 summorum
1240 1809 1375 1873 virorum
1409 1807 1594 1872 firmandam

295 1920 423 1985 Homeri
442 1919 584 1986 versibus
604 1927 763 1986 uterentur
781 1923 813 1986 Π
833 1924 902 2006 204,
922 1926 957 1984 4:

535 2067 589 2132 οὐκ
608 2068 728 2153 ἀγαθον
748 2072 982 2152 πολυκοιρανιή’
1004 2065 1044 2144 εἷς
1063 2072 1202 2153 κοίρανος
1231 2070 1308 2134 ἴστω

534 2161 576 2240 εἷς
598 2155 787 2253 plecctentes}
816 2167 905 2230 iborae
926 2166 1053 2252 Κρόνου
1073 2177 1143 2242 παῖς
1171 2167 1391 2252 ἀγκυλομήτεω.

299 2318 330 2396 (7
356 2317 465 2381 Reden
485 2336 557 2381 vom
577 2318 655 2383 Jahr
679 2320 763 2383 1851.
782 2321 836 2384 Dr.
860 2321 894 2386 Ο.
916 2320 1070 2404 Heiland‚
1094 2342 1125 2405 p.
1156 2323 1349 2404 115,116.³)

377 2433 510 2515 Regiam
530 2438 717 2517 potestatem
737 2455 776 2499 ex
797 2435 861 2500 illis
879 2436 1022 2500 versibus
1053 2435 1104 2500 dei
1125 2436 1229 2520 gratia
1251 2436 1393 2516 existere,
1415 2454 1492 2519 prae
1514 2439 1594 2499 oete-

297 2549 341 2613 ris
362 2547 636 2630 Naegelsbachius
654 2548 812 2631 professus
833 2549 880 2629 (C.
893 2549 929 2613 Ε.
941 2571 970 2614 v.
986 2549 1216 2633 Naegelsbach,
1236 2549 1318 2614 hom.
1331 2548 1440 2613 Theol.
1460 2549 1499 2613 Il.
1513 2547 1594 2613 Aufl.

298 2665 327 2742 ξ.
340 2664 391 2744 45)
413 2668 599 2746 potestatem
619 2663 711 2728 docet
738 2665 805 2746 regi
830 2684 892 2728 non
911 2665 1014 2747 magis
1038 2685 1057 2728 a
1087 2664 1202 2748 populo
1231 2685 1299 2730 csse
1324 2664 1473 2729 tributam
1489 2647 1594 2746 'quam

299 2777 373 2842 hero
394 2796 414 2840 a
433 2776 556 2861 liberis3
577 2798 708 2862 eamque
730 2799 835 2863 regem
852 2800 914 2844 non
935 2785 1053 2863 pacto⁴
1076 2780 1126 2843 vel
1147 2780 1303 2845 creatione
1321 2779 1378 2845 sed
1400 2781 1508 2844 alove
1525 2780 1595 2864 ipso

299 2892 476 2976 accepissc;
495 2913 589 2974 quam
612 2895 798 2959 sententiam
819 2915 881 2959 non
902 2895 1001 2959 solum
1023 2894 1109 2979 apud
1129 2902 1254 2978 poetam
1271 2894 1427 2960 interdum
1447 2895 1520 2977 legi,
1539 2894 1595 2960 sed

299 3006 406 3072 inveni
426 3008 521 3072 etiam
544 3014 668 3093 poetam
688 3010 779 3075 huius
800 3011 995 3075 auctoritatis
1017 3011 1078 3076 sibi
1104 3011 1261 3074 conscium
1288 3009 1498 3093 compluribus
1518 3009 1595 3074 locis

206 3131 208 3137 '
300 3121 387 3184 illam
410 3124 597 3187 sententiam
617 3144 656 3188 ex
671 3124 826 3189 thesauris
845 3124 1006 3190 doctrinae
1029 3146 1104 3189 suae
1124 3126 1331 3209 proferentem
1364 3130 1409 3204 (er
1439 3124 1492 3187 hat
1519 3124 1595 3188 tiber

299 3234 439 3299 dieselbe
475 3236 526 3299 ein
565 3236 723 3301 mehrfach
757 3238 944 3303 theoretisch
982 3239 1050 3303 sich
1082 3237 1349 3323 aussprechendes
1382 3238 1594 3302 Bewusstsein

300 3351 327 3411 5.
341 3348 479 3414 Absobn.
503 3353 531 3430 ξ.
544 3353 610 3451 45.)
646 3352 842 3417 Contrarium
862 3354 926 3418 fere
944 3354 985 3418 de
1004 3360 1159 3437 potestate
1181 3353 1268 3436 regia
1283 3353 1470 3417 sententiam
1483 3353 1594 3417 Schoe-

299 3483 432 3529 maunus
455 3470 502 3529 est
523 3464 690 3548 professus.
731 3467 879 3549 Legimus
898 3470 982 3532 enim
1004 3469 1083 3535 haec
1104 3469 1242 3552 (Griech.
1259 3470 1477 3552 Alterthtlmer,
1497 3469 1554 3533 Bd.
1570 3472 1594 3530 1.

301 3728 400 3789 quimur
418 3724 493 3776 ueluti
512 3740 575 3789 quac
594 3723 661 3774 dixit
679 3724 710 3774 dc
727 3728 808 3789 poetis
825 3728 877 3778 sive
896 3725 994 3778 vatibus
1014 3727 1146 3778 homericis
1165 3720 1202 3793 (in¹
1219 3729 1323 3779 historia
1341 3728 1477 3779 litterarum
1494 3744 1596 3795 graeca-

300 3828 352 3863 mm
371 3831 395 3879 p.
414 3813 475 3878 323)
494 3817 578 3863 contra
596 3827 659 3876 quac
678 3812 835 3879 comparandi
854 3819 911 3865 suut
925 3815 1013 3865 Iliadis
1034 3816 1081 3865 loci
1096 3816 1133 3865 III
1152 3820 1201 3873 54;
1225 3816 1264 3865 IX
1282 3819 1408 3875 rso-8,
1431 3818 1492 3873 194:
1509 3818 1596 3871 XVIII

301 3901 366 3957 604,
396 3904 461 3959 493,
480 3903 547 3960 569;
578 3902 667 3955 XXIV
686 3904 750 3961 7203
778 3902 866 3960 1472,
882 3904 954 3962 6033,
975 3902 999 3951 ΙΙ
1019 3905 1181 3961 uuo-som
1208 3902 1272 3952 XIII
1293 3908 1341 3954 637
1368 3906 1453 3968 (731);
1475 3905 1512 3955 ΙΙΙ
1532 3908 1597 3967 393)

301 3986 350 4035 VII
369 3990 432 4035 241:
452 3989 479 4037 X
501 3991 543 4040 ¹3:
560 3990 640 4041 XXII
658 3994 724 4047 3912
742 3990 833 4042 XXIV
853 3994 894 4044 63.

373 4074 384 4104 ³
405 4072 470 4133 Quos
493 4076 562 4140 ipsos
583 4078 870 4129 versus·Solrocmannus
894 4078 995 4143 quidem
1020 4076 1052 4127 dc
1073 4076 1168 4129 duobus
1194 4077 1231 4129 uel
1257 4077 1369 4143 pluribus
1396 4082 1470 4130 unius
1488 4082 1597 4131 civitatis

300 4150 401 4222 regilius
419 4158 550 4218 intellexit,
569 4177 672 4225 quorum
695 4165 752 4228 quis
774 4166 868 4229 primus
886 4169 961 4229 atque
980 4179 1090 4215 summus
1108 4165 1141 4213 sit
1164 4171 1364 4230 norrappareat3
1389 4150 1433 4216 alii
1457 4166 1488 4217 de
1512 4168 1597 4219 multis

299 4247 360 4297 uiris
380 4244 505 4295 nobilibus
523 4252 643 4312 potestate
658 4252 750 4301 ornatis
769 4266 816 4301 non
834 4253 926 4316 optime
949 4266 1001 4301 rem
1022 4250 1147 4317 publicam
1166 4251 1308 4313 rogantibus
1327 4282 1360 4288 —
1381 4267 1483 4317 quorum
1505 4253 1596 4303 malum

299 4333 431 4397 imperium
449 4331 598 4383 Aristoteles
618 4335 681 4397 (Pol.
699 4336 749 4393 lv,
769 4341 793 4397 4,
812 4337 839 4401 1)
860 4340 962 4402 exponit
978 4337 1091 4389 homiues
1110 4354 1184 4403 saepe
1202 4343 1317 4403 expertos
1335 4356 1389 4391 esse
1409 4368 1441 4375 -
1459 4339 1597 4390 Lachman-

300 4435 347 4470 uus
366 4435 423 4471 uero
449 4434 505 4469 cum
522 4419 631 4485 Hauptio
658 4425 732 4475 eiecit
749 4438 836 4476 uersus
854 4424 878 4475 ll
899 4428 1022 4481 194-7,
1044 4428 1190 4475 203—205
1215 4426 1421 4491 (Retrachtungen
1447 4427 1507 4478 uber
1524 4427 1595 4477 Hom.

300 4506 361 4557 Ilias
379 4522 425 4558 von
446 4506 475 4557 II.
494 4506 647 4566 Lachmann,
668 4512 692 4557 2.
712 4508 778 4559 Aua.
796 4509 1079 4575 S.1a)nequenegari
1098 4517 1191 4577 potest,
1208 4514 1310 4563 nimium
1330 4515 1486 4571 cogitationis
1504 4514 1535 4563 dc
1556 4529 1596 4563 rc-

301 4592 349 4643 bus
369 4592 476 4659 publicis
496 4594 536 4645 his
552 4594 665 4647 uersibus
683 4599 810 4648 contineri.
833 4598 871 4659 (Ε.
891 4598 1114 4658 occansonem.
1135 4599 1222 4651 Gesoh.
1249 4605 1268 4650 1,
1287 4600 1331 4652 Bd.
1347 4616 1371 4666 p.
1390 4604 1455 4666 124.)

375 4684 385 4713 ⁴
408 4680 457 4731 Sed
475 4684 516 4741 24,
534 4686 584 4733 483
605 4682 637 4733 ab
654 4685 709 4749 ipso
723 4685 781 4735 love
800 4685 869 4735 dicta
884 4684 990 4749 legimus
1543 4675 1555 4689 ⁸

582 4781 659 4857 ilonea
674 4785 757 4839 πιστὰ
773 4786 903 4855 ταμόντες
919 4784 934 4840 ὁ
953 4791 1004 4856 μὲν
1019 4788 1184 4856 pneumam
1202 4790 1254 4841 ciet
1270 4820 1303 4829 —-

1364 4876 1401 4929 μ
