4000 5700
1076 519 1116 582 28

448 664 618 736 iiatamen
638 670 673 728 ut
691 666 948 747 regimanimam
969 666 1108 750 praedae
1128 672 1249 750 partem
1274 668 1400 733 tradant
1420 670 1431 731 I
1453 671 1521 751 368,
1543 672 1577 732 9:

646 811 751 873 antinoi
771 812 826 891 μὲν
847 801 879 874 εὖ
899 810 1054 875 δάσσαντο
1073 798 1149 893 μετὰ
1171 816 1275 897 σφίσιν
1301 809 1360 889 οἶες
1377 813 1523 894 Ἀχαιῶν·

645 912 675 973 ἐκ
696 912 722 972 u’
744 910 810 972 ἔλον
824 910 962 996 Ἀτρεΐδῃ
983 910 1148 995 Χρνσήκλσ
1167 910 1380 999 καλλιπάρῃον.

526 1061 598 1126 Non
622 1061 687 1126 alia
707 1062 784 1127 XVI
802 1064 850 1143 56,
871 1066 890 1126 7
911 1069 942 1128 et
963 1063 1074 1128 eadem
1088 1063 1199 1129 Thetis
1219 1070 1326 1129 narrat
1345 1065 1453 1130 XVIII
1477 1069 1545 1144 444,
1567 1069 1594 1129 5.
1637 1065 1742 1129 thil-

447 1174 493 1240 Ies
516 1181 620 1240 autem
634 1175 682 1274 ¹ab
705 1176 841 1242 Achaeis
862 1176 922 1242 sibi
942 1177 1093 1260 praedam
1113 1179 1249 1262 puellam
1268 1177 1375 1244 datam
1397 1180 1531 1245 affirmat
1553 1181 1568 1244 Ι
1592 1180 1662 1243 162;

845 1321 941 1387 δόσαν
966 1323 1002 1388 (λε’
1026 1321 1080 1406 μοι
1108 1320 1167 1400 οἶες
1189 1324 1323 1412 Ἀχαεεῦν

447 1482 478 1539 et
493 1476 613 1540 Nestor
637 1474 738 1557 1275,
759 1477 793 1540 6:

1042 1622 1153 1707 κούρην

694 1760 730 1768 -
751 1761 791 1768 -
812 1715 855 1796 ὥς
876 1721 903 1784 oi
923 1726 1032 1802 πρᾶτα
1055 1720 1151 1786 δόσαν
1172 1722 1260 1806 γέρας
1282 1718 1341 1798 οἶες
1358 1722 1490 1804 Ἀχαιῶν

447 1892 501 1973 qui
520 1892 589 1975 ipse
608 1892 732 1974 Nestor,
753 1892 837 1975 quod
856 1895 985 1959 oonsilio
1006 1915 1113 1960 omnes
1135 1895 1320 1978 superabat,
1342 1895 1540 1961 Heoameden
1560 1895 1683 1979 aooepit
1700 1896 1746 1960 ab

446 2005 576 2071 thivis
596 2007 643 2071 XI
663 2009 732 2089 626,
753 2011 787 2070 7:
1222 2019 1228 2050 ‘

860 2154 1014 2239 Ἑκαμήδη
1040 2196 1079 2205 -
1102 2154 1140 2239 ἢν
1163 2157 1189 2220 oi
1205 2156 1323 2238 Ἀχαιοὶ

702 2249 811 2331 ἔξελον,
835 2248 939 2317 οὕνεκα
964 2259 1063 2340 βουλῇ
1084 2252 1289 2337 ἀριστεύεσκεν
1310 2253 1462 2319 ἁπάντων.

529 2427 639 2508 Neque
660 2427 726 2511 regi
744 2426 876 2492 Alcinoo
899 2427 1005 2510 puella
1025 2427 1144 2511 praeda
1166 2448 1186 2492 a
1208 2427 1323 2511 populo
1352 2449 1413 2493 non
1435 2434 1481 2493 est
1502 2427 1578 2493 data
1598 2431 1627 2510 7,
1651 2431 1701 2492 10:

820 2571 963 2660 Ἀλκινόῳ
987 2576 1015 2636 δ”
1035 2572 1131 2657 αὐτὴν
1157 2573 1246 2657 γε’ρας
1266 2571 1365 2650 ἴξελον

446 2731 478 2790 et
497 2725 631 2791 feminas
651 2726 733 2793 bello
756 2732 882 2810 paratos
903 2725 1064 2791 Thersites
1085 2724 1217 2790 dederat
1237 2726 1464 2808 Agamemnoni
1487 2727 1605 2809 11227,
1626 2731 1661 2791 8;

840 2884 972 2959 γυναῖκες
993 2912 1031 2923 -
1051 2916 1090 2925 -
1111 2869 1148 2948 ἃς
1168 2899 1215 2937 τοι
1231 2872 1349 2955 Ἀχαιοὶ

663 2975 828 3060 πρωτίστῳ
852 2974 988 3054 ciliman,
1016 2962 1074 3035 εὖτ’
1096 2968 1133 3033 ἄν
1153 2973 1335 3051 πτολίεθρον
1357 2971 1521 3053 {ianuam

413 3156 424 3173 ’·
526 3147 646 3225 Quibus
666 3146 890 3222 emolumentis,
910 3145 1022 3210 iisdem
1040 3146 1105 3210 fere
1123 3165 1161 3209 ao
1177 3144 1359 3210 Iudaeorum
1380 3164 1487 3229 regum
1509 3151 1540 3211 et
1561 3146 1629 3212 sine
1644 3145 1743 3211 dubio

446 3262 649 3346 plurimarum
668 3262 830 3353 civitatum
842 3260 1042 3343 antiquarum
1063 3259 1100 3339 (Ι.
1113 3260 1147 3324 L.
1161 3259 1352 3343 Saalsohiitu„
1370 3259 1429 3326 das
1443 3261 1618 3326 mosaisohe
1631 3261 1742 3341 Reoht,

448 3376 486 3439 II.
508 3376 588 3441 Aufl.
617 3377 699 3460 Kap.
721 3376 796 3457 VII,
815 3380 844 3456 ξ.
858 3379 886 3456 7,
911 3377 943 3455 6)
967 3395 1030 3439 non
1055 3374 1112 3439 soli
1132 3394 1221 3458 neges
1240 3374 1382 3440 Iiuuntur
1408 3375 1464 3441 sed
1490 3376 1585 3441 etiam
1609 3376 1742 3441 nobiles,

445 3493 569 3557 Aeneas
589 3491 672 3556 enim
694 3490 857 3574 praedIum
877 3490 1001 3574 aooepit
1017 3510 1037 3553 a
1056 3490 1218 3570 Troizenia,
1245 3489 1278 3553 id
1301 3489 1384 3571 quod
1405 3490 1544 3555 Achilles
1571 3511 1628 3556 nos
1650 3489 1744 3557 dooet

445 3608 508 3672 XX
532 3608 601 3669 184:

692 3743 765 3837 ἦνύ
786 3756 819 3815 τί
835 3778 881 3816 τοι
908 3757 1013 3834 Τρῶες
1033 3753 1155 3833 τέμενος
1177 3750 1275 3831 τάμον
1298 3751 1409 3832 ἔξοχον
1429 3748 1529 3815 ἄλλων

445 3935 476 3993 et
496 3928 606 3993 Ulixes
626 3933 660 3991 ut
676 3925 852 3991 Phaeaoum
879 3926 1056 4010 principum
1086 3925 1175 3989 liberi
1205 3931 1367 4008 paternum
1393 3923 1556 4008 praedium
1582 3925 1742 4010 aooipiant

445 4048 588 4126 precatur
610 4045 728 4124 7,·149,
748 4046 807 4105 50:
1012 4043 1015 4049 ’

515 4356 544 4387 '⁰
563 4355 639 4415 Quam
658 4353 688 4404 ob
707 4369 805 4404 oausam
828 4352 904 4404 duqu
928 4330 987 4408 uano
1007 4350 1090 4402 Vossii
1111 4338 1190 4401 versio
1215 4359 1252 4401 ost
1270 4350 1397 4415 I'Idyssoae
1413 4366 1497 4401 vorsus
1522 4353 1649 4402 oentesiuni
1667 4368 1740 4403 sexa·

444 4444 532 4506 gesimi
551 4442 682 4493 horinon

908 4529 967 4591 ἐμοὶ
988 4520 1018 4575 δὲ
1037 4520 1088 4575 δέκ’
1107 4521 1199 4583 ἔξελον
1216 4525 1265 4589 οἴῳ

444 4634 573 4685 vermoule
591 4634 678 4693 „ioh“
703 4650 759 4683 nam
779 4638 794 4683 9
815 4637 944 4684 548-51
963 4631 1046 4682 UlixIs
1063 4632 1165 4682 comites
1183 4632 1232 4697 ipsi
1252 4647 1307 4681 oum
1321 4647 1379 4698 rege
1397 4632 1513 4697 praedam
1532 4631 1661 4692 dividunt,
1687 4634 1740 4698 regi

444 4722 540 4774 hircum
556 4726 651 4772 tautum
664 4720 742 4772 ueluti
761 4722 858 4786 uequm
872 4721 962 4772 donum
981 4718 1114 4771 tradentes.
1151 4718 1205 4769 Una
1223 4734 1278 4773 oum
1292 4734 1352 4785 rego
1371 4718 1469 4770 Ulixeu
1482 4718 1572 4785 populo
1591 4720 1738 4785 puaedamm

445 4806 586 4860 distributio
605 4809 632 4860 fit
652 4812 676 4869 9,
694 4812 737 4867 41,
755 4811 778 4858 2.
