4000 5700
902 523 942 584 27

354 673 476 752 Quibrm
504 671 721 737 emolumentis
747 670 844 736 veluti
871 671 964 735 certis
993 676 1088 752 atque
1113 669 1185 734 fixis
1205 669 1354 750 addenda
1380 676 1428 734 est
1453 671 1572 755 praeda

277 788 410 855 hostilis.
450 787 639 853 Permultum
670 805 747 850 sane
775 785 853 850 haee
881 783 1001 866 aliquid
1025 783 1207 867 acquirendi
1233 785 1313 850 ratio
1335 785 1440 851 valere
1469 785 1572 867 debet,

277 904 330 968 ubi
352 902 461 987 populi
482 900 524 967 de
543 901 611 966 iure
632 900 694 966 sibi
716 899 822 965 hostes
842 904 923 964 sunt.
936 900 966 942 ¹⁹

355 1015 545 1087 Praedamm
572 1021 675 1080 autem
697 1014 926 1099 possessionem
948 1013 1057 1098 populi
1080 1012 1255 1079 eonuedunt
1277 1015 1359 1096 regi,
1382 1033 1460 1096 quas
1483 1035 1571 1099 prue-

276 1131 335 1197 das
356 1130 533 1197 distribuat.
574 1129 713 1194 Achilles
733 1129 839 1195 amnia
852 1127 982 1193 dederat
1002 1128 1230 1211 Agamemnoni
1252 1129 1299 1192 IX
1320 1130 1453 1192 331-3:
1565 1173 1567 1180 .

639 1274 738 1342 πάντα
760 1275 864 1360 φέρων
879 1272 1079 1357 Ἀγαμέμνονι
1101 1272 1212 1340 δόσκον

491 1373 651 1460 Ἀτρείδη·
678 1373 695 1437 d
719 1375 745 1435 d'
767 1367 877 1435 ὄπισθε
904 1371 1005 1453 μένων
1029 1374 1111 1456 παρὰ
1133 1375 1218 1456 νηυσὶ
1238 1377 1352 1460 θοῇσιν

495 1469 657 1553 δεξάμενος
680 1472 730 1533 dud
747 1473 850 1551 παῦρα
870 1466 1047 1548 δασάσκετο,
1075 1472 1220 1534 nottuu’
1249 1469 1372 1553 ἴχεσκεν.

355 1659 397 1723 At
416 1659 547 1724 liberum
564 1657 702 1742 praedae
722 1655 885 1721 arbitrium
899 1655 1133 1723 Sehoemannus
1154 1658 1220 1741 regi
1242 1653 1280 1724 e'x
1302 1658 1360 1724 hoe
1380 1659 1449 1724 loeo
1470 1659 1571 1724 vindi-

277 1794 349 1840 care
364 1795 426 1838 non
447 1774 522 1855 vult,
542 1770 627 1856 quod
648 1772 745 1836 iratus
767 1767 913 1837 Achilles
925 1771 1057 1838 fortasse
1077 1771 1202 1838 madum
1222 1771 1364 1857 exardet,
1385 1773 1442 1838 sed
1461 1773 1571 1841 eadem

277 1888 569 1972 dieitAgamemno
589 1887 710 1952 Teucro
730 1886 806 1952 Vlii
824 1886 883 1950 289
895 1888 983 1950 --urz

544 2032 658 2120 πρώτῳ
682 2059 729 2097 τοι
749 2037 812 2115 μετ’
833 2032 884 2113 ἐμὲ
905 2030 1071 2116 σρεσβηιον
1086 2036 1116 2096 ἐν
1134 2035 1200 2116 χερὶ
1221 2032 1313 2117 θήσω

546 2128 564 2215 ἢ
588 2133 704 2213 τρίποδ’
723 2130 756 2214 ἠὲ
774 2128 838 2193 δύω
857 2132 970 2205 ἰ’νιιιυυς
990 2129 1127 2194 αὐτοῖσιν
1147 2127 1275 2216 ὄχεσφιν

547 2227 580 2312 ἤι’
599 2231 713 2313 γυναῖί
734 2238 765 2296 et
785 2251 815 2312 q.
837 2250 861 2295 s.

358 2382 468 2464 Neque
490 2380 555 2446 alia
574 2382 768 2464 Agamemno
790 2340 949 2466 profitetur
970 2381 1016 2445 IX
1038 2381 1136 2442 128-
1149 2382 1203 2443 30:

681 2526 773 2592 daiam
796 2530 822 2590 d'
844 2525 920 2590 ἕατοὶ
940 2535 1079 2611 γυναῖκας
1100 2566 1139 2576 -
1158 2566 1199 2576 -

624 2622 661 2700 ἃς
679 2620 728 2689 ὅτε
747 2625 878 2706 Λέσβον
896 2625 1068 2707 ἐυκτιμένην
1090 2625 1152 2688 ἕλεν
1169 2624 1263 2700 αὐτὸς

624 2721 766 2806 ἐξελόμην
792 2748 817 2785 κ.
845 2748 872 2786 τ.
894 2727 920 2786 λ,

355 2876 480 2942 Deinde
499 2875 563 2941 vid.
584 2875 660 2941 XVI
679 2878 735 2956 543
763 2876 871 2957 1229,
897 2877 952 2956 36;
980 2874 1025 2939 IX
1046 2876 1120 2955 367,
1148 2877 1182 2958 8;
1213 2876 1227 2938 1
1256 2878 1328 2957 1183
1358 2876 1404 2940 IX
1428 2878 1573 2958 137--93

276 2992 323 3056 Xi
337 2993 440 3074 696,7
462 2997 494 3056 et
512 2993 580 3067 703,
601 2994 634 3072 43
658 2990 750 3056 xvss
770 2992 837 3055 231.

237 3152 241 3159 -
356 3107 435 3189 Regi
463 3105 559 3189 igitur
588 3105 708 3191 praeda
726 3087 784 3171 'est
816 3105 892 3170 data
922 3126 1017 3189 quam
1050 3110 1139 3191 parte
1171 3104 1308 3187 quadam
1333 3106 1422 3189 regia
1449 3113 1573 3190 arrepta
1597 3162 1607 3175 Α.

279 3220 306 3294 (Ι
331 3221 395 3301 166,
419 3221 450 3301 7)
472 3218 638 3285 distribuat
657 3226 711 3285 aut
731 3226 814 3286 sorte
835 3220 958 3286 dividat
983 3225 1029 3303 14,
1048 3223 1117 3305 232,
1139 3224 1173 3287 3;

575 3370 637 3431 τῶν
657 3366 833 3451 ἐξαιρεύμην
853 3370 1011 3450 μενοεικέα,
1034 3371 1130 3433 πολλοὶ
1152 3372 1178 3431 d’
1195 3369 1313 3433 ὀπίσσω
1411 3400 1415 3417 r

573 3462 726 3548 λάγχανον
742 3489 750 3504 ·

276 3639 369 3701 quam
390 3619 578 3703 praedamm
602 3617 795 3684 sortitionem
813 3624 976 3725 praeterea
1003 3636 1111 3685 versus
1132 3616 1391 3701 quadragesimus
1410 3619 1572 3703 Odysseae
1594 3700 1598 3708 .

276 3733 347 3798 libri
375 3735 475 3816 quinti
502 3735 629 3819 probat:

713 3883 817 3963 λαχών
835 3878 895 3944 dud
917 3883 1021 3964 ληίδος
1037 3876 1134 3944 αἶσαν.
1221 3910 1224 3917 ·

356 4030 420 4096 Sed
445 4033 598 4099 interdum
619 4013 798 4100 distributio
819 4053 881 4097 non
902 4053 922 4097 a
943 4053 1018 4116 rege
1045 4032 1110 4097 solo
1130 4032 1180 4115 fit;
1208 4033 1240 4097 in
1261 4032 1371 4099 Iliadis
1391 4034 1474 4099 enim
1492 4033 1572 4099 libro

276 4146 323 4209 XI
345 4166 373 4211 v.
391 4147 460 4228 681,
485 4150 512 4211 8.
552 4149 710 4232 Pyliorum
732 4148 890 4232 principes
910 4148 1053 4233 occupati
1078 4154 1149 4213 sunt
1173 4146 1345 4213 dividenda
1366 4148 1500 4232 praeda:

526 4296 553 4358 ni
580 4297 612 4357 di
637 4294 853 4379 συναγρόμενοι
881 4298 1009 4359 Πυλίων
1033 4295 1177 4380 ἡγήτορες
1203 4290 1307 4377 ἄνδρες

525 4394 683 4475 δαίτρευον
703 4419 728 4455 κ.
751 4418 778 4457 τ.
800 4399 825 4455 λ.

471 4604 572 4611 -——-

347 4728 376 4761 ¹⁹
394 4724 467 4777 Pluto
484 4726 647 4792 leggltiffi:
667 4726 697 4786 E,
716 4721 828 4792 πόλεμος
848 4721 890 4777 ἀεὶ
908 4727 974 4777 πᾶσι
989 4722 1034 4776 daei
1049 4729 1108 4790 βίον
1125 4720 1229 4790 ξυνεχήσ
1248 4726 1304 4776 ἐστι
1321 4722 1387 4797 πρὸς
1398 4716 1503 4776 ἁπάσας
1521 4722 1570 4779 τὰς

274 4807 367 4863 πόλεις.
