4000 5700
896 514 935 578 29

685 664 788 725 παισὶν
815 662 1003 745 ἐπιτρέψειενΙ
1026 661 1150 736 ἕκαστος

493 760 619 844 κτήματ’
642 762 681 823 tvl
703 758 860 845 μεγάροισι
882 759 970 843 γέρας
990 761 1024 820 θ’
1044 753 1092 822 ὅτι
1115 760 1212 840 δῆμος
1232 756 1347 822 έδιοιιεν.

351 915 461 998 Epulis
482 888 604 996 quoque
621 931 683 976 non
696 912 796 977 solum
818 931 839 974 a
859 911 1054 996 principibus
1067 909 1256 980 honorantur
1274 928 1373 992 reges,
1394 907 1450 973 scd
1469 908 1564 972 etiarn

269 1029 427 1114 principes
450 1049 470 1090 a
491 1027 627 1110 regibus.
667 1027 783 1092 Nestor
804 1026 887 1090 enim
907 1025 1151 1110 Agamemnoni!

738 1175 824 1236 δαίνυ
845 1175 933 1236 δαῖτα
955 1172 1093 1256 γέρουσιν

270 1335 301 1393 et
322 1327 427 1392 multis
455 1326 532 1391 locis
552 1327 741 1390 Graecorum
759 1324 918 1409 principes
944 1323 1030 1409 apud
1060 1345 1165 1409 regern
1185 1325 1374 1391 Graecorum
1400 1317 1566 1410 epulantur

271 1443 314 1507 IV
335 1444 402 1524 343,
423 1444 457 1502 4:
773 1448 776 1453 ⁴

569 1587 694 1672 Πράται
716 1590 773 1671 γάρ
794 1589 841 1649 καὶ
864 1589 968 1662 δαιτδς
989 1585 1199 1666 ἀκουάζεσθον
1219 1589 1297 1670 ε’μεῖο

568 1683 682 1749 ὁππότε
705 1687 794 1748 δαῖτα
812 1685 952 1769 γέρουσιν
971 1687 1181 1770 ἐφοπλίζωμεν
1196 1685 1231 1748 Ἀ
1231 1687 1322 1768 χαιοί.

316 1857 321 1880 ·
353 1841 463 1921 Neque
482 1836 709 1922 praetereunda
729 1835 774 1901 IV
796 1838 863 1917 259,
885 1839 938 1920 oo;
967 1836 1146 1918 nullasu,
1167 1841 1192 1901 l.
1215 1839 1300 1903 ·Nec
1319 1838 1384 1902 alia
1404 1838 1566 1903 inveniun-

270 1962 321 2020 tur
341 1953 424 2039 apud
445 1953 605 2017 Phaeaces
625 1951 679 2016 ubi
700 1951 850 2015 Alcinous
870 1951 910 2016 de
930 1951 1124 2036 principibus
1147 1955 1192 2034 13,
1213 1954 1232 2015 8
1253 1958 1285 2017 et
1306 1955 1340 2016 9:

559 2096 646 2163 δσσοι
665 2101 704 2162 ένὶ
716 2086 882 2182 Ιμεγάροισι
903 2097 1059 2183 γερούσιον
1079 2099 1197 2163 αἴθοπα
1218 2097 1298 2164 οἶνον

560 2199 612 2259 uisi
633 2199 724 2259 πίνετ’
746 2197 868 2277 έμοῖσιν,
892 2193 1077 2273 ἀκουάζεσθε
1099 2199 1125 2258 δ’
1147 2195 1261 2261 uictrici.

353 2315 561 2415 Telemachus
581 2369 703 2430 quoquc
733 2369 794 2412 non
822 2348 906 2429 quod
924 2349 1024 2432 patris
1052 2349 1135 2431 regis
1163 2351 1249 2415 vices
1276 2359 1379 2436 gerat,
1403 2356 1459 2418 scd
1484 2356 1567 2438 quod

273 2466 419 2561 princeps
442 2471 497 2544 est,
514 2464 556 2527 ad
576 2459 765 2547 epulandum
786 2462 936 2527 invitatur
958 2462 999 2527 ab
1020 2462 1236 2529 Ithacensibus
1263 2470 1313 2550 tl,
1338 2469 1479 2532 rso-8:

839 2613 945 2685 δαῖτας
965 2613 1047 2686 ε’ίσας
1073 2671 1075 2676 .

510 2711 647 2772 δαίνυται
669 2706 706 2782 ἃς
728 2709 836 2772 έπέοικε
856 2707 1039 2772 δικάσπολον
1065 2706 1149 2796 ἄνδρ’
1174 2711 1331 2797 άλεγάνειν,

510 2805 620 2883 πάντες
639 2809 700 2891 γάρ
717 2806 866 2870 καλέουσι.

352 2961 500 3024 Alcinous
527 2965 558 3023 et
587 2959 760 3044 principes,
786 2966 821 3025 ut
852 2961 985 3045 populus
1014 2962 1075 3027 sibi
1104 2962 1216 3027 reddat
1242 2983 1280 3028 ea
1307 2985 1387 3047 quae
1409 2966 1495 3030 Ulixi
1515 2965 1568 3031 do-

273 3082 359 3156 nent,
380 3076 528 3157 consequi
550 3075 669 3157 studet,
697 3076 759 3157 ipsi
780 3082 884 3141 arrtcm
913 3076 1035 3141 nobiles
1061 3098 1080 3141 a
1107 3079 1222 3167 populo
1246 3086 1355 3163 petunt
1378 3100 1459 3163 quae
1482 3080 1569 3145 Ulixi

275 3188 408 3253 reddant
430 3193 477 3270 22,
499 3194 552 3252 55:

513 3300 591 3384 άτάρ
612 3298 710 3382 άμμες
729 3299 857 3365 daroma
874 3302 1074 3386 άρεσσάμενοί
1092 3308 1169 3369 κατά
1189 3308 1288 3387 δῆμον

509 3394 589 3461 ὅσσα
602 3404 658 3462 ’τοι
680 3400 836 3463 ἐκπέποται
857 3426 882 3462 κ.
905 3427 932 3463 τ.
953 3407 979 3463 λ.

274 3559 305 3617 et
327 3559 360 3617 ut
380 3552 413 3616 in
431 3552 542 3616 ceteris
564 3552 655 3616 rebus
673 3572 763 3634 reges
783 3553 847 3615 l'ere
868 3559 1020 3634 aequant,
1048 3554 1094 3617 sic
1123 3555 1259 3637 praedae
1279 3574 1401 3638 quoque
1421 3557 1570 3621 maiorem

274 3675 394 3750 partem
439 3666 560 3731 nobiles
602 3666 743 3749 accipere
784 3667 969 3731 invenimus
1036 3668 1201 3733 Praeterea
1241 3668 1426 3736 adiiciamus
1470 3672 1570 3736 locum

276 3783 322 3845 IX
348 3785 422 3846 334:

521 3929 605 3994 άλλα
624 3935 651 3994 δ’
673 3929 848 4015 ἀριστήεσσι
867 3934 954 3994 δίδου
980 3932 1051 4015 γέρα
1072 3934 1120 3994 καὶ
1140 3936 1324 4011 βασιλεῦσιν.

355 4102 475 4180 Quibus
493 4106 682 4187 perspectis,
711 4106 832 4169 ratione
853 4105 949 4186 igitur
970 4104 1080 4169 habita
1100 4111 1131 4169 et
1153 4125 1313 4170 munerum
1333 4111 1364 4170 et
1385 4107 1569 4171 emolumen-

273 4225 373 4283 torum
395 4218 567 4301 regicrum‚
596 4220 659 4282 iam
680 4221 781 4302 ipsam
803 4220 968 4304 potestatis
988 4220 1095 4303 regiae
1117 4223 1259 4284 naturam
1284 4220 1326 4283 ad
1347 4219 1439 4286 finem
1459 4222 1570 4305 perdu-

274 4353 344 4397 cere
365 4333 554 4398 studeamus.
760 4418 763 4424 ῃ

354 4449 529 4514 Permultae
548 4469 640 4514 voees
660 4448 847 4527 adiectivae,
867 4469 998 4531 quarum
1016 4469 1162 4532 magnam
1177 4449 1300 4532 copiam
1316 4449 1467 4533 inspicias
1486 4451 1571 4534 apud

274 4562 480 4647 Humpertum
501 4566 534 4628 in
554 4564 656 4647 prima
677 4563 906 4630 dissertationis
926 4565 1042 4627 citatae
1063 4569 1168 4648 parte,
1189 4564 1324 4648 probant
1346 4584 1435 4646 reges
1457 4563 1570 4629 divini-

260 4687 324 4742 'tus
345 4678 436 4742 datos
457 4700 478 4743 a
499 4679 629 4744 Graecis
652 4680 800 4761 temporis
820 4678 968 4743 homerici
992 4678 1110 4746 haberi.
1150 4680 1201 4745 Ab
1219 4681 1288 4764 ipso
1310 4681 1384 4744 lcve
1401 4698 1491 4761 reges
1511 4680 1571 4743 orti

144 4789 157 4875 j
273 4801 344 4858 sunt
363 4800 394 4859 et
413 4801 569 4878 potestate
591 4800 622 4858 et
641 4793 805 4875 dignitate.
856 4794 1004 4876 legimus
1031 4794 1060 4856 ll
1086 4796 1156 4858 197:
