4000 5700
890 482 926 552 tt

344 638 396 706 Aa
423 634 492 707 hoc
507 639 695 704 familiarum
721 636 771 703 ius
796 643 938 722 spectare
961 636 1086 702 videtur
1110 635 1194 717 quod
1213 625 1432 719 'Eurymachus'
1455 626 1559 699 Ulixis

265 776 360 821 uxore
381 757 415 819 in
435 756 665 821 matrimonium
685 754 781 818 ducta
803 752 1019 818 Ithacensibus
1048 752 1202 837 imperare
1232 751 1263 813 in
1291 749 1396 814 animo
1421 739 1560 813 habebat

266 875 312 954 15,
332 873 401 953 521,
423 872 457 932 2:

740 981 869 1063 με’μονεν
896 1005 927 1044 τε
952 977 1086 1061 μάλιστα

512 1084 615 1167 μητέρ’
636 1085 709 1165 ε’μὴν
728 1082 846 1166 γαμέειν
865 1083 912 1144 καὶ
933 1079 1103 1163 Ὀδυσσῆος
1128 1079 1216 1162 γέρας
1238 1077 1313 1152 ἕξειν

264 1242 357 1318 atque
379 1236 586 1318 Bellerophon
607 1255 661 1298 rex
682 1234 726 1314 fit,
745 1233 795 1298 cui
817 1233 901 1316 regis
921 1232 987 1297 filia
1008 1235 1157 1316 nupserat
1178 1229 1220 1295 Vi
1245 1231 1310 1312 192,
1332 1231 1364 1290 3:

690 1383 778 1443 δίδου
798 1383 824 1444 δ’
847 1375 896 1464 ἕγε
912 1379 1070 1463 θυγατέρα
1091 1373 1128 1461 ἣν

552 1483 628 1542 δῶκε
649 1479 684 1542 ‹i'e'
700 1479 727 1542 oi
749 1482 839 1561 τιμῆς
855 1480 1033 1559 βασιληίδος
1051 1471 1146 1558 ἥμισυ
1165 1472 1273 1557 πάσης.

349 1633 458 1696 Fratre
487 1631 659 1695 Protesilao
685 1630 823 1694 omnium
847 1630 948 1715 primo
968 1629 1000 1692 in
1023 1629 1104 1693 bello
1123 1627 1260 1692 Troiano
1287 1626 1389 1690 occiso
1405 1625 1559 1691 Podarces
1599 1595 1601 1598 ι

269 1755 387 1812 turmae
406 1754 453 1812 est
474 1747 687 1830 praepositae,
715 1746 768 1828 qui
785 1745 888 1810 iunior
907 1744 1032 1808 fratrem
1056 1744 1209 1809 seniorem
1233 1762 1339 1826 regem
1357 1743 1446 1823 sequi
1474 1740 1559 1805 vide-

267 1869 316 1926 tur
343 1863 539 1924 11706-8:

551 2007 806 2091 αὐτοκασίγνητος
832 2004 1016 2091 μεγαθύμου
1033 1995 1264 2090 ’Πρωτεσιλάου

514 2105 680 2188 ὁπλότερος
698 2109 800 2190 γενεῇ·
820 2103 837 2166 ὁ
859 2107 885 2166 ά
906 2099 971 2185 ἅμα
998 2101 1146 2188 πρότερος
1164 2105 1211 2165 καὶ
1233 2101 1348 2186 α’ρεάον.

349 2280 454 2343 Etiam
480 2278 724 2367 Agamemnonis
750 2282 906 2362 sceptrum
932 2277 980 2342 ius
1008 2274 1230 2342 hereditarium
1254 2267 1442 2359 probaverat
1465 2271 1561 2338 notis-

270 2394 349 2457 simo
371 2394 439 2457 loco
452 2394 481 2456 H
502 2394 655 2455 tot—108
668 2399 762 2475 atque
785 2392 957 2458 hereditate
980 2397 1120 2475 potestas
1140 2391 1228 2474 regia
1238 2388 1324 2473 apud
1334 2388 1492 2452 Phaeaces
1514 2391 1562 2452 est

271 2514 402 2592 accepta
424 2512 452 2590 7,
473 2510 600 2571 61--63,
640 2509 751 2590 Neque
779 2514 883 2572 tamen
912 2507 961 2571 ius
989 2506 1211 2570 hereditarium
1238 2523 1378 2568 normam
1404 2523 1443 2568 ex
1465 2503 1562 2566 onmi-

271 2623 330 2687 bus
348 2622 489 2706 partibus
517 2622 611 2686 fixam
640 2641 803 2706 possumus
830 2621 955 2687 habere.
996 2607 1246 2704 ‘Theoclymenus
1271 2619 1354 2683 enim
1374 2616 1562 2683 Telemacho

270 2737 423 2818 regnandi
442 2756 529 2820 spem
550 2737 701 2801 iniecerat
721 2743 904 2821 argumento
931 2737 990 2802 hoc
1010 2755 1098 2801 usus:
1259 2741 1260 2748 ’

753 2886 837 2969 άμεῖς
856 2888 991 2972 καρτεροὶ
1012 2885 1074 2949 αιέά

351 3059 460 3141 Neque
478 3058 565 3123 aliud
592 3066 640 3124 est
663 3060 747 3141 quod
767 3059 882 3125 Hector
907 3060 983 3125 deos
1004 3064 1088 3141 crat,
1115 3066 1149 3124 ut
1170 3058 1297 3123 tiliolum
1322 3055 1440 3121 faciant
1458 3076 1564 3141 regem

268 3174 471 3238 Troianorum
491 3175 532 3239 Vl
549 3176 650 3237 478—
662 3176 716 3237 80:

547 3319 640 3405 (δότε)

509 3406 566 3481 ὧδε
582 3421 652 3501 βίην
668 3423 694 3483 τ’
716 3418 901 3503 ἀγαθὸνκαὶ
923 3419 1012 3485 Ἰλίου
1036 3416 1081 3504 ἶφι
1102 3416 1259 3497 οἷνάσσεινΙ

509 3517 555 3577 καὶ
575 3516 652 3578 ποτέ
668 3542 713 3590 τις
734 3516 840 3603 εἴπῃσι,
862 3519 980 3599 πατρὸς
1000 3521 1026 3601 γ’
1048 3512 1098 3579 ὅδε
1119 3519 1231 3579 πολλάν
1251 3514 1380 3597 α’μείνων

507 3615 537 3675 εἰς
563 3613 699 3693 μολὲμου
721 3612 852 3677 α’νιόντα.

351 3786 545 3850 Fortitudine
566 3806 687 3850 summa
705 3788 829 3851 Aeneas
848 3806 969 3869 quoque
997 3806 1123 3871 sperare
1151 3790 1273 3869 poterat
1290 3784 1355 3848 fore
1375 3789 1409 3847 ut
1429 3756 1498 3867 ipse
1518 3804 1563 3848 re-

273 3900 358 3982 giam
386 3907 571 3983 potestatem
600 3902 763 3965 aPriamo
789 3902 945 3984 acciperet
968 3903 1030 3965 XX
1055 3904 1125 3963 179:

569 4038 587 4131 ἦ
613 4049 677 4133 σε’γε
701 4052 807 4131 θυμὸς
837 4050 903 4130 ε’μοὶ
928 4048 1130 4129 μαχέσασθαι
1151 4046 1257 4131 άνίάγει

567 4148 728 4231 ε’λπόμενον
752 4147 910 4231 Τρώεσσιν
930 4147 1047 4223 ἀνάξειν
1069 4146 1284 4229 ἱπποδάμοισιν

568 4252 660 4330 τιμῆς
679 4252 734 4330 τῆς
750 4245 913 4331 Πριάμου;
1044 4232 1050 4245 1

352 4421 453 4498 Quam
469 4418 509 4484 ob
521 4438 648 4484 causam
661 4419 780 4484 viribus
797 4426 891 4501 atque
911 4418 1021 4484 robore
1032 4416 1192 4481 tortissimi
1209 4418 1293 4501 regis
1306 4436 1429 4500 semper
1445 4436 1565 4480 summa

273 4554 323 4599 res
349 4536 425 4597 nixa
445 4535 540 4599 fuisse
567 4533 690 4599 videtur
720 4540 751 4599 et
778 4526 864 4618 apud
892 4534 1030 4598 Graecos
1055 4540 1085 4596 et
1114 4534 1200 4616 apud
1225 4534 1303 4598 alios
1329 4532 1460 4618 populos
1486 4531 1564 4595 anti-

273 4648 443 4730 quissimae
470 4649 593 4714 aetatis.
634 4649 720 4730 (vid.
749 4669 906 4714 sacrorum
933 4649 1081 4713 librorum
1102 4647 1186 4713 Sam.
1205 4647 1259 4713 lib.
1281 4648 1295 4711 Ι
1315 4650 1350 4729 9,
1371 4650 1403 4728 2;
1433 4649 1484 4725 10,
1511 4646 1564 4727 233

273 4784 408 4847 compar.
429 4741 523 4828 Psalt.
545 4766 607 4845 45.)
