4000 5700
1069 473 1108 536 32

520 619 658 688 Achilles
678 640 717 687 ex
739 621 834 687 Ulixe
857 621 995 704 quaerit,
1015 640 1089 686 num
1107 640 1205 705 penes
1227 626 1347 706 pahenr
1365 641 1471 688 senem
1490 622 1532 687 sit
1547 621 1637 704 regis
1656 620 1737 706 llyr-

441 737 599 803 midonum
620 742 760 821 potestas
784 738 967 818 tonsu-7
976 757 983 799 :

680 880 760 967 hit’
784 883 841 965 έχει
863 885 955 966 τιμὴν
972 883 1095 946 πολέσιν
1117 885 1193 966 μετά
1217 882 1469 969 Μυρμιδόνεσσιν

681 979 700 1064 η”
720 1007 773 1062 μιν
793 979 993 1061 ἀτιμάζουσιν
1015 979 1061 1042 ἀν’
1085 980 1216 1044 Ἐλλάδα
1237 1007 1268 1045 τε
1291 984 1395 1064 Φθίην
1417 1006 1455 1058 τε,

685 1073 797 1140 ούνεκά·
811 1103 865 1158 μιν
883 1080 961 1140 κατά
980 1081 1076 1161 γῆρας
1097 1077 1153 1160 ἔχει
1173 1077 1277 1162 χεῖράς
1295 1103 1327 1142 τε
1346 1076 1443 1152 πόδας
1459 1103 1491 1142 τε

443 1251 544 1314 neque
564 1230 628 1296 fere
651 1230 742 1294 aliter
752 1229 863 1295 Ulixes
882 1235 1013 1294 matrem
1034 1235 1125 1314 rogat
1146 1233 1191 1313 11,
1214 1233 1342 1294 174-6
1364 1237 1458 1313 atque
1471 1231 1613 1296 Priamus
1623 1231 1738 1296 Achilli

441 1351 547 1409 narrat
565 1345 672 1409 XXIV
693 1345 833 1407 487-9.
875 1344 946 1410 Diis
967 1351 1033 1410 tum
1062 1345 1151 1410 iratis
1177 1344 1244 1410 fieri
1274 1351 1377 1429 potest
1406 1352 1440 1410 ut
1466 1346 1547 1410 alius
1568 1347 1639 1429 quis
1656 1348 1738 1431 prin-

442 1479 517 1544 ceps
537 1460 674 1544 accipiat
695 1460 815 1542 regiam
834 1465 1022 1543 potestatem
1042 1462 1105 1526 XX
1126 1462 1273 1525 eoo-8:

720 1604 779 1690 ἠδη
797 1609 854 1691 γὰρ
877 1605 1026 1689 Πριάμου
1045 1610 1143 1691 γενεὴν
1164 1604 1283 1691 ἤχθηρε
1307 1611 1458 1692 Κρονίων.

723 1708 777 1766 νῦν
797 1705 830 1767 δέ
853 1706 892 1786 δὴ
909 1706 1035 1768 Αἰνείαο
1055 1710 1108 1787 βίη
1132 1703 1291 1790 Τρώεσσιν
1311 1705 1410 1782 άνάξει

718 1803 766 1864 καὶ
787 1803 905 1864 παίδων
926 1803 1029 1876 παῖδες
1047 1809 1078 1869 et
1097 1824 1126 1886 q.
1150 1809 1209 1868 &²¹

521 1956 646 2019 Aeneas
666 1954 762 2038 igitur
771 1956 977 2021 Troianorum
998 1976 1053 2022 rex
1075 1956 1188 2022 existet
1207 1975 1309 2038 neque
1329 1955 1541 2022 dubitabimus
1559 1964 1740 2042 comparato
1757 1981 1761 1984 ·

312 2158 316 2167 Ι
443 2073 511 2137 loco
533 2072 596 2136 XX
621 2073 787 2134 tls-183
814 2071 889 2154 quin
918 2071 1100 2137 tortitudine
1127 2072 1231 2157 potius
1258 2091 1351 2155 quam
1376 2072 1460 2156 quod
1490 2075 1742 2155 consanguineus

442 2188 484 2252 sit
512 2187 655 2252 Hectoris
684 2187 760 2267 (XX
781 2187 946 2267 213-40)
975 2206 1106 2269 regnum
1134 2187 1278 2271 accipiat.
1327 2187 1438 2270 Neque
1464 2188 1635 2272 Aegisthus
1656 2191 1740 2273 Aga-

443 2321 606 2367 memnone
628 2301 732 2366 occiso
753 2301 1026 2384 consanguinitate
1047 2301 1147 2367 solum
1169 2322 1225 2368 rex
1245 2302 1279 2366 tit
1301 2301 1357 2366 sed
1378 2305 1407 2384 3,
1430 2304 1499 2384 304,
1522 2307 1560 2366 5:

939 2449 1035 2531 ιλέιλμη
1056 2449 1088 2512 δὲ
1105 2451 1178 2524 λαός
1197 2449 1247 2512 ὑπ’
1265 2447 1351 2536 αύτῷ

712 2543 850 2620 ἑπτάετες
868 2548 895 2608 δ”
916 2542 1028 2629 ἤνασσε
1049 2546 1257 2630 πολυχρύσοιο
1276 2545 1473 2630 Μυκήνης.22

523 2700 618 2784 Apud
631 2698 810 2765 ithacenses
826 2718 948 2781 quoque
959 2698 1005 2762 dii
1027 2699 1219 2765 constituunt
1228 2698 1299 2782 quis
1309 2705 1495 2782 regnaturus
1506 2700 1548 2764 sit
1571 2703 1596 2782 t,
1620 2702 1737 2784 400,1.·

697 2851 851 2932 Τηλέμαχ’
872 2844 938 2934 ἤτοι
961 2855 1060 2914 ταῦτα
1081 2855 1165 2914 θεῶν
1185 2851 1214 2913 έν
1236 2845 1363 2934 γούνασι
1380 2859 1470 2913 κεῖται

692 2942 778 3023 ὅστις
797 2949 827 3011 έν
845 2946 991 3036 ἀμφιάλῳ
1012 2946 1120 3034 Ἰθάκη
1132 2945 1300 3029 βασιλεύσει
1313 2946 1446 3029 Ἀχαιῶν

444 3086 477 3167 et
498 3102 567 3187 ipse
583 3100 790 3166 Telemachus
811 3120 874 3165 non
895 3105 991 3184 negat
1010 3099 1076 3165 fieri
1092 3118 1185 3183 posse
1206 3103 1240 3163 ut
1260 3099 1423 3164 multorum
1443 3099 1575 3164 aliorum
1599 3100 1741 3166 Ithacen-

447 3219 527 3283 sium
549 3238 656 3299 regum
677 3217 747 3301 quis
768 3216 963 3299 adipiscatur
984 3216 1084 3300 patris
1106 3215 1217 3279 mortui
1237 3220 1424 3298 potestatem
1449 3221 1472 3277 1.
1494 3216 1638 3278 set-s:

648 3365 712 3429 ἀλλ’
730 3362 798 3449 ἦτοι
817 3368 960 3446 βασιλῆες
976 3362 1109 3444 Ἀχαιῶν
1129 3365 1182 3427 εἰσὶ
1203 3364 1250 3427 καὶ
1267 3358 1352 3426 ἄλλοι

645 3465 750 3528 πολλοὶ
772 3462 803 3524 έν
824 3457 971 3546 ἀμφιάλῳ
994 3457 1112 3546 Ἰθάκη,
1137 3460 1195 3523 νέοι
1216 3458 1268 3543 η’δέ
1288 3463 1417 3539 παλαιοί,

646 3567 709 3626 τῶν
728 3560 776 3624 κέν
797 3584 843 3634 τις
863 3556 928 3621 τύδ’
951 3558 1062 3643 έχησιν,
1087 3558 1144 3620 ἐπεὶ
1167 3557 1243 3620 θάνε
1264 3560 1328 3633 δῖος
1350 3555 1522 3632 Ὀδυσσεύς.

526 3715 627 3793 Quam
647 3715 687 3779 ob
708 3735 835 3780 oausam
848 3732 910 3779 nou
932 3711 1124 3792 mirabimur,
1146 3712 1316 3775 Antinoum
1329 3710 1425 3774 etiam
1447 3730 1509 3775 non
1523 3711 1626 3775 Ulixis
1645 3731 1744 3775 uxore

447 3832 479 3894 in
501 3829 730 3895 matrimonium
753 3832 857 3914 ducta,
876 3831 996 3914 regiam
1016 3826 1203 3911 dignitatem
1224 3825 1396 3908 appetiisse
1417 3828 1465 3906 22,
1485 3828 1630 3887 bit-52:

697 3974 763 4041 υύτι
783 3976 884 4061 γάμου
904 3975 1019 4041 τόσσον
1039 3974 1219 4059 κεχρημένος
1241 3972 1312 4036 oili
1332 3976 1476 4054 χατίζων,

700 4074 764 4138 ἀλλ’
785 4073 860 4138 ἄλλα
880 4075 1028 4161 φρονέων,
1045 4072 1084 4137 τά
1105 4072 1132 4135 oi
1154 4071 1208 4134 ούκ
1226 4072 1359 4134 ἐτέλεσσε
1384 4072 1531 4153 Κρονίων,

693 4169 764 4257 ὄφρ’
784 4172 911 4256 Ἰθάκης
928 4175 1005 4237 κατά
1027 4173 1126 4253 δῆμον
1147 4168 1318 4251 ἐυκτιμένης
1337 4165 1501 4248 βασιλεύοι.
1532 4255 1534 4265 ¹

517 4420 545 4453 ⁸¹
567 4417 605 4472 Gf.
625 4420 731 4484 Vergilii
750 4421 895 4476 versionem,
913 4419 976 4471 Aen.
994 4418 1091 4477 ΙΙ197,
1111 4420 1152 4470 98.

518 4506 547 4538 ²¹
568 4508 621 4557 siue
637 4506 687 4569 leg.

743 4587 868 4643 ἑπτάετες
885 4584 909 4640 δ’
927 4587 1022 4654 ἤνασσε
1037 4586 1208 4658 πολυχρύσοιο
1227 4582 1348 4653 Μυκήνης

742 4665 844 4738 κτείνας
859 4656 1001 4733 Ἀτρείδην,
1022 4656 1133 4727 δέδμητο
1153 4654 1182 4709 δὲ
1199 4656 1261 4711 iube
1278 4654 1321 4709 ὑπ’
1341 4653 1425 4724 αύτῷ,
1502 4730 1504 4738 ¹

447 4768 530 4821 Schol.
549 4768 622 4835 Soph.
643 4768 683 4830 El.
702 4772 760 4819 267.
