4000 5700
902 522 940 584 la

1465 617 1483 652 Χ
1641 646 1643 652 ,

356 673 479 738 Deinde
501 672 713 757 comparanda
727 677 775 736 est
795 672 955 737 concionis
966 670 1187 737 celebenimae
1204 670 1383 755 descriptio,
1405 690 1486 754 quae
1499 692 1569 738 con-

277 790 320 853 tio
341 789 381 854 ab
402 789 472 872 ipso
490 788 612 852 Achille
632 788 761 852 ¹vocatur
780 787 860 851 XIX
880 785 1259 868 40-4631thaoensium
1280 787 1459 852 concionem
1479 787 1569 852 Tele-

275 903 404 969 machus
429 904 525 970 Ulixe
553 903 683 968 abseute
711 907 805 968 vocat
830 903 860 984 2,
881 902 910 982 6,
931 904 964 982 73
990 905 1022 966 et
1037 901 1202 964 Antinous
1226 903 1271 982 16,
1299 903 1366 982 376,
1389 905 1417 966 7.
1459 903 1569 984 Neque

274 1019 374 1083 solum
392 1017 587 1102 principibus
604 1015 661 1081 sed
678 1015 845 1098 unicuique
857 1020 891 1080 ut
909 1001 1091 1079 concionem
1100 1020 1227 1078 vocaret
1241 1013 1365 1079 videtur
1384 1018 1569 1099 permissum

273 1134 371 1199 fuisse
392 1139 425 1198 et
445 1153 503 1198 sua
521 1132 621 1217 ipsius
642 1150 738 1196 causa
760 1135 792 1194 et
813 1128 855 1192 ad
876 1129 1099 1213 rempublicam
1120 1129 1160 1194 ab
1182 1128 1322 1194 hostibus
1339 1128 1569 1197 defendendam

275 1254 307 1314 et
326 1249 367 1314 ob
389 1249 469 1314 alias
489 1267 539 1313 res
559 1246 601 1310 ad
621 1245 770 1333 populum
791 1244 983 1328 pertinentes
1005 1247 1034 1327 2,
1053 1245 1197 1332 usp-3¹2:

535 1399 589 1457 νῦν
607 1394 640 1458 δὲ
661 1394 707 1467 τίς
728 1380 780 1457 dd'
803 1390 911 1477 ἤγειρα
932 1393 999 1454 τίνα
1016 1394 1109 1477 χρειώ
1128 1390 1221 1456 τόσον
1236 1393 1289 1456 ἵκει

533 1490 566 1575 ἠὲ
586 1491 660 1554 νέων
680 1489 800 1574 ἀνδρῶν
820 1485 839 1573 ἢ
861 1489 888 1552 oi
909 1491 1137 1572 προγενέστεροί
1152 1491 1236 1576 εἷαανς

276 1650 308 1710 et
328 1665 358 1727 q.
378 1663 443 1726 seq.

355 1760 465 1841 ltaque
486 1777 548 1821 non
568 1777 624 1841 pro
651 1755 750 1821 nihilo
778 1760 826 1820 est
851 1754 1015 1820 habendus
1042 1755 1128 1819 locus
1150 1749 1311 1840 Odysseae
1338 1763 1494 1823 extremus
1514 1759 1568 1840 qui

275 1873 419 1957 quamvis
439 1893 501 1936 non
520 1871 756 1954 antiquissimus
785 1872 840 1953 sit,
868 1876 974 1936 tamen
1001 1869 1085 1953 quod
1109 1872 1265 1936 consentit
1291 1889 1362 1940 oum
1383 1872 1451 1937 loco
1472 1873 1568 1936 citato

273 1988 345 2053 libri
367 1987 506 2068 secundi,
530 2007 569 2051 ex
589 2005 674 2050 more
696 1991 778 2050 certe
797 1985 881 2049 illius
902 1986 1051 2069 temporis
1071 1984 1162 2049 docet
1173 1985 1355 2052 ithacenses
1370 2007 1427 2052 sua
1447 1993 1568 2070 sponte,

273 2108 438 2186 postquam
459 2102 560 2165 Fama
580 2091 759 2185 per'urbcm
782 2100 912 2182 venerit,
933 2098 974 2163 ad
995 2100 1176 2166 concionem
1197 2101 1293 2166 ivisse
1317 2104 1365 2184 24,
1386 2104 1461 2164 lati:

266 2431 269 2436 ·
354 2397 475 2476 Quibus
495 2397 527 2460 in
548 2395 751 2461 concionibus
770 2396 929 2480 principes
948 2396 1079 2460 multum
1099 2415 1221 2480 semper
1242 2397 1379 2462 valuisse
1398 2399 1567 2464 verisimile

274 2518 330 2578 cst.
373 2513 444 2596 lpse
465 2512 659 2593 Agamemno
680 2510 839 2594 principes
857 2515 978 2574 tantum
997 2500 1165 2594 cdmpellat
1185 2511 1217 2574 in
1238 2512 1387 2576 concione
1408 2514 1455 2577 IX
1480 2515 1531 2576 17:

572 2647 596 2720 ὦ
619 2657 701 2741 φίλοι
719 2655 860 2740 Ἀργείων
879 2655 1022 2740 ἡγήτορες
1043 2656 1094 2740 ᾗδὲ
1116 2650 1258 2738 pridem}

272 2816 304 2877 et
325 2811 357 2875 in
377 2809 580 2876 celeberrima
600 2807 745 2872 contione
767 2805 808 2871 ab
830 2805 952 2871 Achille
968 2812 1082 2872 vocata
1103 2806 1234 2889 legimus
1256 2807 1335 2873 XlX
1353 2810 1406 2871 78:

558 2948 583 3019 ὦ
606 2957 688 3041 φῖλαι
710 2949 807 3039 ἥρωες
824 2954 944 3053 Δαναοὶ
961 2950 1148 3036 θεράποντες
1163 2949 1283 3036 Ἄρηος.
1348 2936 1354 2947 ⁶

352 3110 425 3191 ipsa
443 3107 584 3171 Minerva
604 3109 638 3168 ut
665 3104 824 3188 principes
851 3103 884 3165 in
910 3102 1091 3166 concionem
1116 3108 1206 3166 vocet
1231 3103 1420 3169 Telemacho
1452 3106 1563 3171 suadet
1666 3146 1682 3167 ,

274 3227 300 3285 r.
321 3201 389 3305 aia,
408 3224 441 3283 3:

549 3328 654 3411 αὔριον
672 3332 712 3403 εἷς
732 3329 845 3413 ἀγορὴν
863 3330 990 3404 καλέσας
1012 3325 1276 3413 ἣρωαςἈχαιούς

547 3432 653 3509 μῦθον
675 3426 809 3511 πέφραδε
828 3431 902 3488 πᾶσι

271 3605 352 3669 quae
373 3582 482 3648 concio
500 3590 534 3645 ut
554 3582 586 3646 in
608 3580 706 3644 altero
727 3578 806 3642 libro
828 3584 971 3643 narratur
989 3580 1031 3644 ab
1049 3600 1233 3663 unoquoque
1254 3582 1321 3646 viro
1341 3581 1485 3665 populari
1506 3581 1564 3644 fre-
1589 3616 1592 3625 ι

291 3705 443 3765 uentatur.

270 3721 290 3782 q
349 3814 464 3896 Neque
480 3818 585 3877 tamen
605 3810 815 3894 colligendum
836 3810 912 3874 mihi
924 3810 1056 3891 videtur,
1081 3811 1158 3873 nulli
1180 3811 1323 3894 populari
1337 3831 1474 3893 uuquam
1496 3832 1563 3896 per-

272 3926 400 3990 missum
419 3926 515 3991 fuisse
536 3927 620 4008 loqui
641 3927 673 3989 in
694 3926 853 4008 concione,
873 3945 913 3989 ex
933 3924 1005 4011 irati
1019 3924 1123 3989 Ulixis
1143 3924 1227 3989 dicto
1250 3927 1282 3989 in
1302 3926 1441 3990 maxima
1463 3946 1562 3991 rerum

273 4039 504 4124 perturbatione
526 4041 556 4103 ll
573 4044 640 4120 200,
660 4044 735 4103 201:

530 4186 659 4267 δαιμόνι’
680 4187 813 4271 ἀτρέμας
834 4176 891 4269 ἧσο
912 4190 959 4250 καὶ
977 4185 1077 4251 ἄλλων
1096 4193 1203 4269 μῦθον
1222 4182 1309 4250 ἄκουε

529 4283 563 4346 o‘a*
577 4284 629 4347 σέο
650 4286 793 4370 φέρτεροί
807 4288 870 4348 εἰσι.

270 4572 318 4607 nou
337 4556 382 4622 par
403 4570 440 4607 ost
458 4555 588 4607 habendus
608 4557 743 4607 secundum
759 4558 888 4608 Nestorem
907 4555 919 4607 I
939 4560 997 4616 277,
1018 4532 1042 4616 'a
1063 4562 1091 4608 9:

616 4656 684 4725 μήτε
700 4659 732 4711 αὐ
742 4656 863 4724 Πηλείδη,
878 4657 935 4712 deis
948 4659 1094 4732 ἐριζέμεναι
1112 4656 1216 4728 βασιλῆι

616 4728 747 4798 ἀντιβίην,
766 4733 822 4780 ἐπεὶ
840 4726 939 4781 οὔποθ’
954 4724 1048 4797 daddus
1066 4733 1163 4801 ἔμμορε
1177 4732 1253 4797 τιμῆς

617 4803 779 4865 dumnotinae
795 4798 924 4866 βασιλεύς.
