4000 5700
1068 500 1107 562 36

716 643 885 720 Ἱππόθοος
906 647 932 709 δ’
953 641 1004 730 ἄγε
1025 650 1109 732 φύλα
1127 651 1296 731 Πελασγῶν
1314 673 1340 711 κ.
1363 674 1390 712 τ.
1412 653 1438 715 λ.

438 798 506 881 842,
528 800 563 860 3:

676 951 739 1011 τῶν
757 937 826 1030 ἦρχ’
849 945 1016 1022 Ἱππύθούς
1035 973 1067 1012 τε
1088 945 1228 1023 Πύλαιύς
1247 951 1273 1011 τ’
1295 945 1365 1026 ύζος
1379 943 1498 1033 Ἄρηος,

675 1039 718 1108 υἷε
736 1043 802 1108 δύω
821 1043 953 1128 Λήθοιο
975 1048 1137 1130 Πελασγοί
1162 1048 1354 1128 Τευταμίδαο

438 1217 494 1282 sed
514 1218 686 1302 Hippothoi
706 1238 819 1283 nomen
843 1219 988 1282 iteratum
1009 1218 1130 1300 virique
1152 1217 1312 1285 fortissimi
1336 1239 1386 1285 res
1407 1225 1531 1304 gestae,
1560 1237 1641 1301 quae
1662 1237 1732 1282 nar-

436 1341 544 1399 rantur
563 1333 656 1398 XVH
676 1335 745 1415 217,
763 1335 821 1395 288
863 1334 921 1395 318
944 1333 1087 1416 probant,
1110 1334 1180 1416 quis
1201 1353 1234 1398 re
1255 1354 1330 1400 vera
1349 1352 1404 1399 rex
1425 1334 1526 1399 t'uerit.
1567 1333 1732 1399 subiectus

436 1450 504 1533 regi
524 1450 617 1514 Peleo
637 1449 778 1514 Phoenix
796 1468 919 1531 quoquo
940 1448 1066 1514 videtur
1092 1449 1189 1514 fuisse
1216 1450 1270 1532 qui
1290 1450 1466 1533 Dolopibus
1486 1449 1663 1533 imperabat
1684 1448 1730 1511 IX

435 1565 504 1646 483,
526 1568 555 1646 4,
578 1584 669 1646 quem
692 1563 830 1628 Achilles
850 1583 884 1629 se
906 1583 1012 1647 regern
1032 1562 1225 1628 redditurum
1245 1583 1313 1630 esse
1335 1551 1498 1647 pollicetur
1520 1564 1564 1629 {X
1586 1564 1653 1626 616.

514 1679 563 1742 Ex
585 1679 698 1744 nostris
720 1678 909 1744 carminibus
929 1679 957 1742 si
985 1678 1117 1762 probaro
1146 1679 1320 1745 studuimus
1349 1699 1442 1744 unum
1466 1698 1573 1762 regem
1597 1679 1731 1763 primum

438 1799 533 1877 atque
562 1815 714 1859 summum
740 1794 836 1858 fuisse
867 1794 962 1858 etiarn
988 1793 1060 1858 aliis
1087 1789 1218 1860 ducibus
1245 1794 1385 1859 eiusdem
1417 1794 1526 1878 populi
1551 1794 1730 1878 nominatis,

435 1915 540 1975 tamen
559 1930 621 1975 non
640 1928 804 1992 sequemur
824 1908 1088 1990 Schocmannum‚
1116 1910 1169 1992 qui
1196 1909 1278 1974 hano
1300 1910 1388 1992 quasi
1417 1928 1558 1973 normam
1577 1913 1608 1973 et
1628 1908 1730 1991 legem

437 2021 552 2107 ubique
573 2025 733 2108 vigentem
754 2023 832 2088 dicit
853 2023 886 2086 in
905 2044 978 2107 pag.
1000 2026 1086 2087 33.²⁴

515 2139 643 2204 Fratres
673 2139 756 2204 enim
777 2157 868 2222 reges
890 2138 968 2204 duos
988 2139 1204 2222 cognoscimus
1218 2159 1256 2205 ex
1270 2140 1409 2205 Helenae
1420 2139 1514 2205 dictis
1525 2139 1570 2202 111
1580 2139 1728 2202 rso-38.

632 2310 706 2371 δοιολ
728 2310 755 2369 δ’
778 2305 814 2371 ού
835 2305 967 2390 δύναμαι
989 2308 1073 2372 ι’δίειν
1090 2306 1260 2391 κοσμήτορε
1278 2314 1360 2372 λαιῦν

633 2402 782 2488 Κάστορα
803 2408 837 2466 θ’
858 2404 1031 2488 ἱππόδαμον
1047 2409 1095 2468 καλ
1116 2410 1176 2482 πύξ
1196 2405 1315 2491 ἀγαθὸν
1337 2405 1529 2470 Πολυδεύκεα

631 2499 875 2585 αὐτοκασιγνήτω
897 2511 929 2570 et
950 2525 980 2587 q.
1001 2525 1026 2570 s.

510 2673 575 2737 Alii
595 2673 705 2738 fratres
726 2673 758 2736 11
779 2676 847 2757 729,
867 2677 936 2758 731,
957 2678 990 2738 2:

740 2842 772 2907 οἳ
790 2846 816 2906 δ’
837 2840 917 2926 είχον
943 2845 1072 2930 Τρίκκην
1090 2871 1115 2908 κ.
1135 2872 1160 2908 τ.
1184 2852 1209 2909 λ.

729 2947 791 3006 τῶν
813 2934 886 3006 αὖθ’
908 2942 1053 3029 ἡγείσθην
1070 2942 1251 3025 Ἀσκληπιοῦ
1269 2943 1325 3007 δύο
1346 2949 1431 3008 παῖδε

729 3044 824 3124 ἰητῆρ’
845 3039 965 3124 ἀγαθοί,
988 3045 1189 3127 Ποδαλείριος
1212 3041 1263 3125 ήδί
1285 3041 1431 3124 Μαχάων

431 3235 533 3297 neque
552 3216 718 3297 quisquam
734 3215 892 3281 fortiorem
913 3215 1047 3296 ideoque
1068 3215 1171 3297 magis
1198 3215 1230 3279 in
1252 3215 1333 3279 bello
1354 3217 1404 3280 vel
1431 3216 1463 3279 in
1489 3215 1650 3299 regnando
1670 3236 1725 3280 va-

431 3328 547 3394 lentem
568 3337 651 3396 recte
673 3330 777 3395 dicere
798 3336 908 3414 potest

511 3446 637 3508 Fratres
659 3463 781 3526 quoque
804 3437 834 3506 ΙΙ
857 3445 925 3525 828,
947 3444 1015 3525 830,
1040 3448 1072 3506 1:

615 3667 619 3674 .
667 3612 710 3676 Oi*
725 3616 751 3675 δ’
766 3609 962 3696 Ἀδρήστειάν
978 3616 1004 3675 τ’
1028 3608 1107 3693 εἶχον
1127 3639 1152 3677 κ.
1176 3638 1201 3675 τ.
1223 3618 1250 3675 λ.

566 3793 576 3809 1
668 3714 730 3775 τῶν
750 3700 818 3793 ἦρχ’
832 3706 1003 3793 Ἄδρηστός
1022 3735 1052 3773 τε
1072 3714 1119 3773 καί
1135 3707 1268 3795 Ἄμφιος
1288 3709 1469 3794 λινοθώρηξ,

667 3804 709 3871 υἷε
731 3806 796 3870 δύσι
820 3808 968 3889 Μέροπος
989 3810 1170 3899 Περκωσίου
1191 3815 1223 3874 ct
1239 3831 1268 3893 q.
1292 3831 1315 3874 S.

429 3989 523 4066 atque
542 3981 639 4047 iidem
658 3981 858 4046 nominantrn
879 3981 927 4045 XI
949 3982 1022 4043 329:

817 4124 859 4192 οἶε
878 4128 943 4192 δύω
966 4128 1116 4213 Μίροπος
1135 4132 1322 4213 Περκωσίου.

507 4305 619 4387 Neque
637 4303 749 4369 fratres
770 4302 916 4369 differunt
936 4303 967 4366 ΙΙ
988 4305 1057 4386 864,
1077 4306 1111 4366 5:

501 4618 528 4650 ²⁴
550 4616 626 4678 Quam
650 4616 681 4668 ob
707 4623 806 4669 causam
829 4620 928 4670 citatam
952 4618 1007 4672 cius
1032 4617 1258 4688 interpretationem
1290 4636 1376 4677 vorsus
1401 4620 1519 4677 homerici
1544 4620 1591 4677 σύν
1610 4619 1719 4698 ἀγαθὸν

426 4700 624 4775 πολυκοιρανίη,
649 4707 791 4758 vomaculc:
825 4708 956 4768 „mohrcre
986 4710 1224 4776 gieiohbcrcchtigtc
1250 4710 1449 4764 nchcueinander
1473 4712 1518 4765 sah
1546 4731 1603 4767 man
1628 4719 1719 4781 gewiss

436 4808 514 4845 moror
532 4792 569 4844 als
590 4797 661 4844 cinon
680 4793 830 4845 Uobcistaod
849 4812 887 4852 an,
905 4797 951 4846 wic
963 4813 989 4847 cs
1005 4798 1068 4848 auch
1077 4797 1171 4851 Homer
1183 4801 1339 4867 ausspricht“
1357 4792 1528 4868 (ούκιίγοκτ.
1540 4798 1573 4868 λ.)
1586 4805 1718 4855 reiicimus.
