4000 5700
1096 489 1134 550 38

548 638 655 703 Plures
677 643 780 703 autem
800 657 895 720 quarn
912 637 975 702 duo
994 636 1090 703 duoes
1112 637 1268 720 dignitate
1288 657 1350 701 non
1365 635 1540 702 diiudieata
1560 629 1754 702 inveniuntur

470 758 504 815 ut
528 753 556 814 II
578 753 653 815 858:

710 904 842 962 Μυσῶν
864 901 896 962 δι’
917 899 1042 983 Χρόμις
1060 890 1133 984 ίηρχε
1154 901 1201 962 καί
1217 895 1367 980 Ἔννομος
1384 896 1543 979 οἰωνιστής
1619 924 1624 933 ·

469 1072 582 1154 quibus
602 1072 724 1137 duobus
745 1073 876 1138 duoIbus
897 1073 978 1138 alius
995 1075 1066 1156 quis
1087 1071 1228 1138 adiectus
1249 1077 1297 1137 est
1313 1072 1388 1136 XIV
1410 1073 1478 1152 511,
1499 1073 1533 1133 2:

717 1241 800 1315 Αίίις
818 1240 858 1325 ῥα
876 1247 999 1326 πρῶτος
1021 1240 1213 1322 Τελαμώνιος
1232 1235 1354 1324 Ὕρτιον
1378 1230 1453 1304 οὖτα

718 1336 890 1422 Γυρτιάδην
910 1343 1034 1403 Μυσῶν
1054 1338 1191 1423 ἡρήτορα
1211 1342 1459 1423 καρτεροθύμων.

548 1511 649 1592 Atque
670 1511 770 1595 primo
791 1512 919 1576 navium
938 1513 1053 1578 indicis
1075 1513 1191 1596 populo
1212 1512 1397 1576 Boeotorum
1419 1531 1438 1574 a
1459 1515 1553 1594 poeta
1569 1510 1700 1574 Boeotio
1721 1511 1759 1589 (t)

469 1625 607 1707 quinque
625 1625 721 1691 duees
745 1631 817 1690 sunt
837 1627 944 1692 traditi
966 1628 994 1691 II
1018 1630 1085 1709 949,
1107 1631 1140 1689 5:

737 1799 886 1859 Βοιωτῶν
906 1774 962 1875 μὲν
982 1796 1142 1878 Πηνέλεως
1162 1798 1209 1858 καί
1229 1795 1354 1878 Λήιτος
1377 1785 1473 1878 ἦρχον

733 1891 922 1975 Ἀρκεσίλαος
944 1919 974 1956 τε
993 1891 1195 1976 Προθοήνωρ
1219 1918 1249 1955 τε
1274 1893 1403 1964 Κλονίος
1420 1916 1459 1954 τε.

549 2065 742 2130 Pthiotarum
763 2066 858 2132 duces
878 2065 939 2130 duo
962 2069 1162 2130 nominantur
1181 2064 1261 2130 XIII
1283 2067 1355 2127 693:

618 2192 691 2295 Πρὸ
723 2216 835 2276 Φθίων
857 2216 889 2277 δὲ
910 2214 1028 2278 Μίδων
1050 2239 1080 2277 τε
1099 2211 1316 2294 μενεπτόλεμός
1334 2239 1364 2276 τε
1384 2212 1594 2298 Ποὸίίριι-ης25

432 2443 436 2451 .
546 2385 703 2468 Epeorum
727 2384 822 2451 duces
853 2407 914 2450 non
947 2388 1046 2452 solum
1071 2388 1176 2472 plures
1205 2393 1424 2454 enumerantur
1450 2386 1506 2451 sed
1534 2387 1631 2452 etiam
1663 2389 1763 2472 plures

466 2504 584 2578 terrae,
611 2519 693 2581 quae
721 2520 771 2565 res
796 2501 828 2564 ni
857 2500 994 2565 fallimur
1020 2503 1066 2566 sie
1091 2500 1298 2585 intelligenda
1326 2509 1387 2583 est,
1415 2507 1448 2566 ut
1469 2501 1574 2586 Epeos
1596 2503 1762 2587 primomm

466 2619 639 2697 tempomm
658 2621 784 2698 gentem
807 2615 966 2681 viotrioem
986 2622 1019 2681 et
1037 2615 1123 2682 Elidi
1148 2619 1193 2700 13,
1217 2619 1290 2679 275:

774 2757 793 2845 ἢ
815 2764 854 2837 είς
865 2761 978 2826 Ἤλιδα
996 2765 1071 2841 ιλῖιιν,
1092 2759 1146 2828 ὅθι
1164 2763 1341 2846 κρατέουσιν
1362 2764 1473 2826 Ἐπειοί

466 2920 498 2978 et
518 2914 629 2979 insulis
649 2915 856 2999 imperantem
876 2916 1057 2983 habeamus.
1100 2917 1260 3000 Leguntur
1281 2922 1385 2981 autern
1409 2916 1435 2979 II
1458 2920 1525 2997 615,
1547 2920 1583 3000 6,
1607 2920 1679 3002 618,
1700 2923 1733 2981 u:

705 3083 738 3146 οἳ
752 3087 778 3146 t’
800 3082 860 3167 ι’ίρα
881 3084 1079 3171 Βουπράσιόν
1100 3111 1131 3149 τε
1150 3088 1198 3148 καὶ
1216 3088 1325 3148 Ἤλιδα
1349 3088 1416 3149 ιλῖαν
1437 3087 1535 3149 ἔναιον

705 3177 800 3245 ὅσσον
820 3185 867 3267 ἐφ’
887 3183 1013 3268 Ὑρμίνη
1032 3209 1057 3245 κ.
1079 3210 1106 3246 τ.
1129 3189 1154 3245 λ.

704 3284 766 3343 τῶν
787 3270 826 3342 αὖ
848 3280 989 3363 τέσσαρες
1010 3280 1100 3364 ἀρχοὶ
1122 3281 1200 3359 ἴσαν,
1221 3281 1290 3344 δέκα
1311 3283 1337 3344 δ’
1358 3280 1443 3363 α’νιλρλ
1465 3281 1580 3369 ἑκάστῳ

705 3381 770 3459 νῆες
791 3378 899 3440 ἕποντο
921 3380 1005 3455 θοαὶ,
1029 3378 1129 3452 πολίες
1151 3380 1177 3441 δ”
1199 3378 1343 3459 ἔμβαινον
1360 3377 1471 3442 Ἐπειοί

467 3552 499 3611 et
519 3547 615 3612 duces
635 3555 855 3682 enumerantur¹

723 3696 918 3782 Ἀμφίμαχος
936 3700 984 3761 καὶ
1008 3700 1144 3773 Θάλπιος
1165 3701 1289 3782 Διώρης
1307 3704 1492 3775 Πολύξεινος

545 3847 669 3913 Deinde
689 3850 749 3916 XV
771 3852 839 3933 518,
860 3852 878 3911 9
901 3849 994 3915 Otum
1013 3857 1126 3915 necant

739 3999 889 4060 Φυλείόεω
912 3998 1027 4080 ἕταρον,
1049 3998 1240 4083 μεγαθύμων
1260 4000 1358 4083 α’ρχόν
1381 4000 1484 4065 'Euan‘
1487 4028 1502 4063 ν

544 4150 655 4231 Atque
668 4150 724 4213 alii
744 4155 805 4214 tres
823 4143 979 4233 Epeorur‘n
1002 4150 1097 4215 duoes
1119 4151 1320 4217 inveniuntur
1342 4154 1420 4217 XIII
1442 4156 1510 4233 691,
1532 4155 1563 4215 2:

1129 4298 1228 4381 αὐτὰρ
1246 4302 1362 4364 Επειιόν

737 4396 884 4476 Φυλείδης
904 4420 935 4458 τε
956 4397 1072 4479 Μέγης,
1090 4396 1232 4481 Ἀμφίων
1254 4423 1284 4461 τε
1304 4400 1439 4482 Δρακίος
1460 4424 1491 4463 τε

540 4696 569 4726 ²⁵
593 4694 743 4759 Quamquam
764 4698 819 4761 ipse
839 4697 916 4747 Modo
935 4698 960 4746 II
982 4699 1117 4746 716-721
1139 4698 1293 4748 Philoctetae
1311 4696 1398 4748 Lemni
1416 4698 1496 4749 rolicti
1516 4702 1644 4751 exercitui
1664 4710 1774 4769 praeest.

464 4781 587 4832 Podarces
607 4787 689 4833 autern
707 4782 791 4834 fratris
808 4783 940 4836 Protesilai
959 4793 1054 4835 turmae
1070 4785 1094 4835 II
1113 4788 1258 4836 teo-707.
