4000 5700
1060 526 1099 588 26

737 675 866 754 Τυδείδη
885 673 950 753 περὶ
971 673 1027 751 μέν
1048 697 1081 735 σε
1102 674 1166 736 τίον
1177 674 1295 736 Δαναοὶ
1315 657 1490 753 ταχύπωλοι

733 771 805 856 ἕδρῃ
825 795 857 833 τε
878 770 996 853 κρέασίν
1017 775 1042 832 τ’
1065 770 1117 852 ηἐλέ
1140 773 1249 844 πλειόις
1266 767 1430 832 δεπάεσσιν.

514 942 602 1020 Quae
622 943 830 1007 emolumenta
850 943 876 1007 si
898 920 1032 1026 populus
1052 963 1114 1007 non
1135 962 1192 1007 sua
1211 948 1320 1027 sponte
1342 942 1523 1026 praebebat,
1544 961 1598 1005 rex
1614 947 1645 1006 et
1667 941 1727 1006 sibi

434 1061 466 1120 et
486 1056 558 1121 aliis
579 1076 708 1140 poscere
729 1061 860 1140 poterat,
883 1061 917 1121 ut
938 1057 1054 1122 Hector
1072 1095 1111 1104 —
1133 1057 1186 1140 qui
1207 1059 1276 1122 sine
1293 1056 1389 1122 dubio
1409 1057 1512 1140 magis
1524 1057 1728 1121 Troianorum

434 1171 598 1254 potestatis
618 1170 726 1254 regiae
747 1177 853 1254 partes
871 1172 940 1254 agit
957 1191 1052 1254 quam
1073 1172 1142 1256 ipse
1162 1173 1304 1237 Priamus
1328 1209 1365 1220 -
1392 1173 1484 1237 XVll
1504 1173 1572 1254 225,
1594 1173 1629 1233 6:

732 1342 771 1405 τιλ
793 1339 933 1426 α-ρονέεον
951 1337 1077 1421 δώροισι
1099 1339 1281 1424 κατατρύχω
1303 1343 1350 1404 καὶ
1373 1337 1472 1426 ἓὸολιλῃ

732 1434 824 1512 λαούς
846 1476 881 1486 -
896 1476 936 1486 -
946 1477 985 1486 -

434 1591 466 1651 et
487 1587 603 1652 similia
623 1587 713 1671 lingit
739 1589 850 1655 Ulixes
867 1592 914 1670 19,
938 1591 1004 1672 197,
1024 1591 1059 1654 8:

671 1750 809 1836 δημόθεν
828 1751 941 1838 ἄλφιτα
960 1756 1043 1818 ὄιῦκα
1059 1758 1106 1818 καὶ
1128 1755 1246 1818 αἴθοπα
1267 1752 1347 1818 οἶνον
1374 1754 1492 1838 ἀγείρας

671 1852 718 1913 καὶ
737 1851 814 1930 pecie
835 1849 1025 1934 ἱρεύσασθαι.

459 2108 463 2116 s
512 2041 613 2118 Quam
634 2041 674 2106 ob
688 2034 822 2106 'causam
842 2062 903 2106 non
924 2029 1115 2124 mirabimur,
1137 2062 1243 2124 regem
1260 2063 1281 2106 a
1302 2041 1417 2126 populo
1446 2046 1552 2134 petere
1574 2060 1654 2123 quae
1676 2060 1728 2104 ex-

433 2174 532 2238 pensa
553 2155 705 2240 habuerit,
724 2162 758 2221 ut
781 2155 930 2222 Alcinous
954 2159 999 2238 13,
1025 2160 1069 2239 to,
1090 2161 1123 2220 5:

732 2321 816 2404 ἡμεῖς
842 2324 868 2385 δ’
896 2311 967 2386 αὖτε
995 2322 1180 2408 ἀγειρόμενοι
1205 2326 1282 2387 κατελ
1313 2325 1411 2405 δῆμον

731 2417 892 2501 τισόμεθ’·
909 2419 1013 2504 ἀργαλ.
1040 2445 1065 2484 κ.
1086 2445 1113 2484 τ.
1134 2425 1160 2483 λ.

432 2592 484 2657 vel
506 2593 655 2675 populum
674 2613 755 2676 quae
775 2613 830 2658 rex
852 2613 992 2678 expensa
1011 2593 1156 2660 habuerit
1185 2592 1377 2658 redditumm
1406 2611 1440 2657 se
1460 2611 1529 2656 esse
1550 2591 1729 2674 promittere

432 2713 467 2773 ut
489 2708 502 2770 l
525 2709 590 2789 ¹27,
610 2709 644 2772 8:
1519 2711 1522 2716 '

631 2875 707 2940 ἄλλα
728 2878 768 2940 ool
787 2877 844 2958 pir
865 2881 918 2941 νῦν
939 2876 1027 2960 τήνδε
1047 2883 1113 2966 θεῷ
1139 2876 1246 2961 πρόες*
1267 2876 1365 2960 αὐτὰρ
1383 2877 1506 2960 Ἀχαιοί

629 2979 739 3062 τριπλῇ
759 2980 910 3061 τετραπλῇ
927 2979 952 3039 τ’
973 2975 1158 3057 ἁποτΙσομιν
1177 3016 1215 3025 -

513 3164 605 3229 Dona
627 3170 730 3230 autem
751 3172 783 3230 et
803 3165 979 3230 voluntaria
999 3170 1047 3245 et,
1073 3166 1100 3229 si
1122 3172 1204 3230 recte
1231 3166 1470 3250 interpretamur
1491 3164 1648 3243 θεμισιις,
1676 3163 1730 3228 de-

432 3278 550 3343 stinata
579 3284 611 3344 et
637 3279 701 3344 fixa
733 3278 916 3361 (seeundum
944 3278 1086 3345 Schoem.
1117 3300 1147 3364 p.
1175 3282 1223 3344 35.
1284 3280 1454 3365 Koeppen‚
1488 3278 1602 3343 erkl'ar.
1636 3280 1729 3343 Anm.

433 3393 487 3456 lll.
507 3393 565 3458 Bd.
584 3414 615 3478 p.
635 3396 687 3475 ’20)
707 3395 832 3460 tertium
851 3395 969 3459 lucrum
991 3395 1156 3481 potestatis
1179 3396 1286 3478 regiae
1306 3400 1378 3460 sunt
1399 3394 1546 3460 habenda
1574 3414 1611 3459 ex
1635 3394 1670 3459 ll.
1693 3392 1729 3457 li-

432 3508 487 3573 bro
510 3508 555 3573 IX
579 3512 721 3573 154-6:

669 3680 700 3740 ἓν
720 3680 746 3740 δ’
768 3675 874 3761 ἄνδρες
896 3683 1013 3752 ναίουσι
1034 3679 1217 3765 πολύρρηνες
1239 3684 1436 3760 πολυβοῦται,

672 3776 703 3838 o‘l
718 3773 777 3839 κὲἕ
798 3778 1002 3862 ελαιτίνῃσιν18
1026 3779 1101 3840 θεὸν
1120 3777 1162 3852 ειλς
1182 3775 1371 3860 τιμήσουσιν,

669 3876 721 3936 καί
739 3874 767 3936 οἱ
788 3874 845 3937 ὑπὸ
869 3872 1012 3961 σκήπτρῳ
1035 3877 1163 3958 λιπαροὶς
1184 3876 1316 3939 τελέουσι
1338 3874 1496 3956 θέμιστας.

432 4046 556 4113 Deinde
579 4050 628 4130 23,
649 4050 716 4112 357.

506 4372 628 4424 ¹⁸Aliam
644 4388 700 4426 vero
723 4375 913 4441 explicationem
931 4383 1068 4425 nostrorum
1089 4389 1217 4431 uersuum,
1242 4390 1274 4424 cx
1292 4388 1341 4438 qna
1358 4368 1469 4421 δοιτῖναι
1491 4371 1666 4435 intelligendae
1681 4374 1732 4423 sint

432 4461 577 4522 „vernacule
596 4476 642 4511 uon
658 4460 706 4512 den
724 4458 835 4526 Sportclu
856 4459 901 4511 der
918 4461 1112 4526 Rechtspflege“
1133 4458 1277 4517 ulladstone
1295 4456 1432 4525 [Schnster]
1452 4459 1479 4509 P.
1499 4457 1560 4521 298)
1577 4472 1623 4507 uon
1642 4474 1731 4524 possu-

432 4566 488 4602 mus
505 4548 617 4615 probarc.
652 4550 737 4613 Neque
755 4547 845 4598 melius
870 4550 1023 4614 argumentis
1045 4554 1118 4613 atque
1139 4546 1235 4597 duobus
1256 4549 1357 4598 incertis
1374 4544 1496 4612 exemplis
1514 4575 1547 4581 -
1566 4552 1650 4597 contra
1667 4562 1732 4611 quiae

433 4650 539 4701 compar.
559 4635 770 4686 lnculeutissimus
787 4633 916 4700 Odysseae
935 4634 1004 4685 locus
1027 4640 1066 4693 15,
1088 4637 1226 4685 415-484
1246 4661 1277 4668 —
1296 4633 1391 4683 firmata
1410 4632 1536 4689 videntur,
1564 4648 1627 4697 quae
1646 4639 1733 4685 auctor

432 4723 499 4773 idem
519 4723 558 4787 [P.
577 4722 836 4789 297,298)·p1·0tnlit
855 4722 991 4781 dederis,
1010 4738 1074 4787 quac
1099 4728 1247 4773 mercatores
1274 4722 1398 4789 peregrini
1419 4720 1520 4787 regibus
1537 4726 1665 4787 praestare
1686 4721 1731 4772 ‹le-

432 4812 539 4874 bncriut‚
556 4812 662 4881 ideoque
680 4812 713 4865 de
731 4810 814 4865 fructu
834 4814 902 4879 regio
916 4811 948 4865 ob
966 4813 1100 4865 immunem
1122 4815 1285 4865 mercaturam
1303 4820 1411 4877 accepto.
