4000 5700
912 460 949 551 ιε’

282 640 370 706 missi
388 644 487 721 erant,
508 644 542 703 ut
554 639 749 704 Achaeorum
762 637 942 721 proceribus
964 637 1144 703 nuntiarent
1163 656 1197 702 se
1218 637 1379 703 oonoiliari
1400 658 1463 704 non
1482 658 1574 724 posse

284 775 353 820 oum
371 756 615 838 Agamemnone,
636 755 771 838 imperat
790 753 838 818 ius
854 752 1013 835 quoddam
1031 752 1225 837 principibus
1246 753 1385 819 tribuens
1403 755 1450 822 lX
1463 757 1531 836 421,
1543 757 1575 818 2:

482 900 546 966 ἀλλ’
572 902 655 982 ὑμεῖς
681 901 738 981 μὲν
758 897 853 974 ι’όντες
876 899 1070 984 ἀριστήεσσιν
1086 899 1220 982 Ἀχαιῶν

480 999 614 1084 ἀγγελόγν
641 997 873 1084 ἀπόφασθε-τό
896 1001 954 1082 γὰρ
983 997 1072 1082 γε’ρας
1101 999 1163 1062 ἐστὶ
1190 996 1348 1081 γερόντων.

363 1155 473 1235 Itaque
493 1152 621 1235 saepius
641 1151 748 1234 legati,
768 1151 822 1234 qui
842 1150 952 1216 foedus
974 1151 1105 1232 i'eriant,
1122 1170 1233 1233 paoem
1254 1151 1372 1232 ineant,
1394 1151 1478 1216 bella
1498 1151 1577 1216 indi-

282 1277 357 1341 oant
383 1270 547 1333 mittuntur
571 1267 622 1332 vel
650 1266 846 1350 aooipiuntur
873 1285 893 1329 a
920 1265 1068 1348 oonoilio,
1103 1285 1123 1328 a
1150 1267 1353 1350 principibus.
1396 1267 1505 1332 Ulixes
1532 1274 1579 1332 est

282 1385 396 1450 missus
416 1386 464 1466 21,
486 1386 540 1444 17:
1364 1365 1366 1372 ¹

579 1497 657 1576 μετοὶ
677 1503 786 1578 χρεῖος,
810 1491 847 1558 τό
870 1493 908 1578 ῥά
934 1494 961 1557 oi
981 1499 1042 1567 πᾶς
1062 1496 1160 1577 δῆμος
1181 1490 1304 1580 ὄφελλεν

284 1668 305 1748 a
325 1655 414 1734 patre
431 1653 463 1714 et
483 1666 503 1712 a
522 1625 716 1733 principibus
738 1649 773 1709 21
780 1697 789 1730 ,
806 1649 861 1709 21:

603 1799 662 1876 πρό
690 1797 748 1879 γσὶρ
777 1782 827 1878 ἧκε
846 1797 947 1877 πατὴρ
969 1790 1053 1857 ἄλλοι
1074 1819 1104 1857 τε
1125 1795 1261 1878 γέροντες

285 1956 317 2013 et
337 1948 516 2014 Aetolomm
536 1947 657 2012 nobiles
675 1946 868 2029 Meleagrum
892 1952 925 2012 ut
945 1947 1006 2012 sibi
1034 1967 1126 2030 opem
1145 1948 1240 2030 ierat,
1268 1954 1380 2032 rogant
1399 1927 1496 2013 multa
1514 1951 1579 2033 pol-

286 2065 415 2128 licentes
437 2062 484 2126 lx
504 2066 578 2124 574:

709 2178 763 2236 τόν
784 2175 817 2238 do*
837 2176 978 2237 λίσσοντο
1001 2174 1136 2258 γέροντες

585 2274 738 2334 Αἰτωλῶν

286 2380 318 2438 et
337 2395 369 2448 v2
388 2375 463 2437 576:

722 2471 927 2555 ὑποσχόμενοι
948 2473 1024 2557 μέγα
1045 2475 1147 2558 δῶρον

365 2626 560 2708 Agamemno
588 2633 691 2692 autom
719 2628 851 2692 Nestore
879 2633 1004 2692 auotore
1030 2628 1077 2691 IX
1109 2633 1148 2692 70
1173 2629 1339 2694 oonoilium
1360 2634 1454 2693 vocat
1474 2629 1520 2693 lX
1541 2629 1579 2690 89

287 2746 320 2805 ut
340 2739 380 2804 de
396 2739 511 2823 legatis
532 2738 573 2803 ad
594 2741 746 2805 Achillem
768 2741 930 2806 mittendis
950 2742 1123 2806 deliberent
1148 2744 1322 2827 prinoipem
1350 2743 1456 2825 itaque
1478 2743 1579 2827 Pylio

287 2876 354 2921 rum
388 2854 484 2921 duoes
519 2856 572 2938 qui
612 2856 762 2939 praedam
802 2856 912 2920 Eleum
951 2856 1097 2921 dividunt
1137 2859 1295 2942 principes
1336 2864 1407 2922 sunt
1444 2857 1581 2923 habendi

287 2972 333 3035 Xl
353 2973 421 3053 687,
441 2972 476 3035 8:

563 3085 591 3149 οἱ
612 3087 644 3149 ds*
665 3084 881 3170 συναγρόμενοι
902 3090 1030 3149 Πινλιίον
1049 3085 1193 3170 ἡγήτορες
1218 3084 1323 3167 ἄνιλρες

565 3186 731 3266 δαίτρευον.
746 3190 774 3228 ¹¹

370 3336 478 3418 Itaque
509 3341 592 3399 reete
627 3337 823 3420 interpretari
851 3337 997 3402 videntur
1023 3338 1076 3421 qui
1106 3338 1310 3402 Troianorum
1338 3338 1505 3420 primorum
1534 3336 1583 3399 ius

289 3451 452 3517 iurandum
474 3451 643 3534 significari
663 3453 771 3517 volunt
790 3453 899 3517 iliadis
919 3454 1066 3517 os'rminis
1082 3473 1171 3517 versu
1197 3455 1253 3515 119
1275 3452 1345 3517 libri
1368 3451 1462 3517 XXll

517 3601 641 3680 Τρωσὶν
658 3602 685 3661 d’
705 3590 744 3662 αὖ
761 3597 929 3680 μετόπισθε
948 3598 1104 3683 γερούσιον
1124 3596 1215 3682 ὅρκον
1235 3601 1348 3681 ἕλωμαι

289 3750 326 3828 (l.
347 3749 385 3813 H.
409 3750 505 3831 Voss,
534 3732 663 3814 Uebers.
692 3749 749 3813 der
778 3750 859 3814 llias.
909 3750 932 3814 l.
954 3751 992 3813 H.
1019 3751 1039 3812 l.
1055 3750 1224 3834 Koeppen,
1249 3749 1491 3833 Anmerknngen
1512 3770 1581 3813 zum

288 3862 418 3943 Homer,
450 3865 479 3927 2.
501 3862 581 3927 Auil.
604 3867 632 3928 6.
653 3863 758 3945 Band,
783 3864 930 3947 gefertigt
954 3884 1015 3928 von
1042 3864 1080 3927 H.
1102 3864 1240 3943 Krause,
1266 3885 1296 3947 p.
1318 3865 1365 3926 93.
1387 3864 1583 3929 Sohoemann

290 3976 302 4037 l
329 3996 360 4058 p.
384 3979 445 4056 26.)

369 4087 489 4166 Quibus
508 4092 665 4181 oonoessis
694 4092 801 4156 vinum
829 4112 951 4175 quoque
973 4092 1150 4175 principum
1175 4093 1272 4157 fuisse
1300 4113 1361 4156 non
1390 4094 1583 4175 negabimus,

289 4224 362 4268 nam
386 4203 535 4268 Aloinous
558 4207 706 4289 primores
727 4207 894 4289 alloquitur
916 4212 961 4289 13,
981 4209 1000 4269 8
1020 4215 1052 4273 et
1073 4212 1106 4269 9:

552 4346 640 4415 ὅσσοι
661 4355 701 4415 ἐνὶ
722 4352 878 4436 μεγάροισι
900 4352 1057 4437 γερούσιον
1078 4353 1196 4417 albona
1219 4350 1299 4416 οἶνον

553 4453 606 4513 αιέλ
628 4454 717 4515 πίνετ’
739 4450 854 4532 {borum

360 4695 386 4725 ¹¹
409 4692 486 4753 Quum
506 4693 538 4744 ud
556 4709 668 4759 magnum
688 4696 738 4746 rim
757 4697 895 4761 principum
920 4696 1078 4747 conciliorum
1108 4694 1256 4762 probandam
1280 4694 1429 4747 conferenda
1446 4702 1503 4746 sunt
1521 4710 1584 4760 quae

291 4779 384 4830 Hector
401 4779 463 4831 dicit
482 4781 530 4834 XV
552 4785 661 4834 tro-3.

1370 4865 1384 4911 2
