4000 5700
885 501 926 564 13

279 713 283 720 .
340 657 481 722 Tertium
502 653 586 738 regis
604 672 718 718 munus
738 651 924 717 Aristoteles
943 644 1003 716 hoo
1021 645 1116 716 modo
1137 645 1343 732 significavit:

622 802 712 886 (πρδς
731 796 865 883 τούτοις)
886 800 943 872 τδς
965 798 1049 871 δίκας
1068 795 1190 880 ἔκρινον.

338 956 448 1038 Itaque
466 951 608 1038 Sarpedo
628 951 742 1036 Lyoios
764 971 828 1015 non
854 949 953 1014 solum
980 945 1162 1012 fortitudine
1182 950 1363 1012 servaverat
1383 943 1441 1009 sed
1459 944 1557 1010 etiam

258 1090 386 1137 munere
405 1068 520 1135 iudicis
539 1068 616 1133 XVI
636 1069 706 1149 541,
725 1068 753 1130 2.

554 1223 646 1277 κεῖται
666 1209 1060 1297 ΣαραηδώνΛοκίωνάγδς
1081 1205 1261 1274 ἀσπιστάων

557 1308 592 1386 ὃς
605 1312 728 1394 Λυκίην
747 1309 846 1394 εἴρυτο
866 1311 968 1396 δίκῃσί
985 1310 1083 1372 τεκαὶ
1104 1307 1208 1370 σδίνεῖ
1224 1293 1258 1394 ᾧ.

260 1473 293 1532 et
311 1464 539 1550 Agamemnoni
561 1463 701 1548 Iuppiter
721 1462 791 1527 iura
807 1460 939 1526 dederat
959 1461 1007 1524 IX
1027 1461 1083 1543 98,
1103 1461 1150 1524 99.

497 1714 650 1795 σκῆπτρον
673 1713 698 1773 τ’
721 1707 774 1771 οἶδε’
794 1707 945 1787 θέμιστας
961 1709 1013 1770 ἵνα
1034 1706 1120 1791 σφίσι
1141 1703 1350 1792 βουλεύῃσθα.

341 1881 520 1950 Omittimus
541 1882 677 1947 similem
696 1900 821 1947 uersum
838 1882 898 1943 206
923 1879 997 1944 libri
1017 1879 1048 1942 11
1069 1877 1195 1960 Iliadis,
1222 1895 1315 1960 quem
1342 1875 1482 1961 spurium
1502 1874 1556 1939 ha-

260 1999 369 2065 bemus
406 1999 524 2082 quippe
564 1997 618 2080 qui
658 2016 699 2061 ex
737 2000 842 2060 nostro
879 1993 1025 2071 ¹videatur
1062 2011 1217 2058 manasse.
1259 1989 1334 2073 (viu
1360 1994 1466 2055 annot.
1506 1989 1556 2055 ed.

260 2115 352 2179 Faes.

340 2117 405 2292 S)ed
425 2231 522 2291 restat
542 2231 576 2289 ut
592 2243 778 2307 quaeramus
798 2242 872 2287 num
893 2243 950 2288 rex
974 2222 1059 2288 solus
1086 2221 1129 2287 sit
1147 2220 1312 2288 habendus
1339 2221 1444 2286 iudex.
1484 2221 1556 2286 Am-

260 2341 420 2424 plissimos
441 2345 535 2422 atque
554 2339 735 2404 notissimus
755 2338 839 2402 enim
865 2337 952 2403 loous
971 2357 1012 2402 ex
1039 2357 1100 2420 quo
1129 2338 1182 2420 qui
1210 2337 1296 2402 faota
1312 2337 1354 2403 sit
1374 2335 1558 2419 iurisdictio,

121 2441 131 2470 '
262 2455 494 2538 cognoscimus,
522 2453 642 2519 iudices
667 2453 759 2519 nobis
786 2454 933 2538 proponit
962 2452 1151 2518 senteutiam
1179 2451 1336 2534 dieentes,
1363 2471 1426 2517 non
1452 2469 1558 2534 regem

258 2569 397 2635 iudicem
406 2569 516 2635 XVIII
528 2571 697 2632 nou-506.
737 2569 809 2634 Alio
830 2587 906 2634 vero
924 2567 1260 2651 ΙοοοΟδ12,439,40
1282 2568 1393 2634 Ulixes
1413 2572 1535 2632 narrat:

509 2705 589 2800 ἦμος
608 2717 635 2778 δ’
655 2717 701 2779 ἐπὶ
720 2713 836 2801 δόρπον
852 2713 930 2800 ἀνὴρ
952 2714 1106 2801 ἀγορῆθεν
1125 2714 1234 2799 α’νίοτη

508 2817 618 2902 κρίνων
640 2816 731 2879 νείκεα
752 2817 849 2879 notra
871 2814 1075 2897 δικαζομένων
1091 2815 1202 2899 αἰζηῶν

261 3008 325 3072 qua
344 3008 378 3053 re
398 2989 667 3073 Naegelsbaohius
685 2995 775 3074 putat
800 2988 913 3053 ooniioi
938 2988 1072 3086 tortasse
1099 2994 1183 3053 reate
1210 2988 1304 3053 lioere
1331 3004 1438 3069 regem
1457 2984 1557 3050 solum

261 3103 357 3169 fuisse
378 3103 522 3170 iudicem.
563 3108 711 3170 Attamen
731 3103 882 3169 audacius
902 3102 1049 3168 videntur
1069 3102 1229 3189 disputata
1244 3120 1324 3184 quae
1336 3120 1398 3165 non
1417 3098 1556 3165 firmiori-

261 3218 320 3281 bus
343 3219 483 3282 nituntur
501 3219 727 3302 fundamentis,
742 3239 803 3283 non
827 3220 910 3283 enim
932 3218 1014 3283 alius
1034 3218 1121 3283 loeus
1141 3218 1172 3281 II
1196 3218 1337 3279 184-6:

502 3361 683 3444 Τηλέμαχος
703 3362 822 3442 τεμένεα
843 3363 960 3443 νέμεται
976 3365 1025 3425 καί
1045 3364 1151 3436 δαῖτας
1171 3364 1252 3435 ἐίσας

500 3462 654 3536 δαίνυται,
676 3454 713 3532 ἃς
731 3458 841 3521 ἐπέοικε
856 3457 1040 3523 δικάσοιολον
1061 3456 1144 3545 ἄνδρ’
1164 3456 1330 3543 ἀλεγύνειν·

499 3554 608 3630 πάντες
627 3556 685 3640 γὰρ
706 3554 845 3618 καλέουσι

260 3709 405 3791 quamvis
423 3710 582 3775 Ameisius
602 3708 836 3775 annotationem
855 3707 954 3771 addat
974 3707 1038 3790 „de
1059 3728 1133 3793 rege
1153 3712 1335 3791 usurpatum
1353 3709 1440 3775 ouius
1460 3710 1556 3795 potis-

259 3823 372 3887 simum
394 3843 505 3889 munus
531 3830 579 3889 est
604 3823 804 3889 iurisdietio“
833 3821 970 3903 (Ameis‚
997 3822 1129 3887 Homero
1156 3821 1314 3907 Odyssee,
1341 3824 1446 3908 Leipz.
1469 3825 1555 3909 1856,

259 3937 319 4003 Bd.
336 3938 362 4003 Ι,
380 3939 489 4005 Hest2
509 3962 540 4025 p.
566 3941 634 4022 128)
654 3959 712 4004 nos
732 3938 878 4004 certiores
905 3936 998 4020 faoit,
1024 3958 1094 4003 oum
1121 3939 1227 4004 omnia
1255 3937 1295 4003 de
1315 3940 1483 4022 primorum
1504 3939 1556 4007 vel

259 4072 422 4137 prosarum
440 4054 576 4136 quodam
595 4053 801 4137 intelligenda
818 4053 890 4117 sint.
931 4054 967 4116 In
994 4052 1050 4118 lite
1070 4053 1153 4117 enim
1177 4053 1312 4136 amplius
1334 4051 1493 4137 descripta
1512 4054 1554 4119 le

259 4168 363 4250 gimus
380 4167 490 4232 XVIII
509 4171 582 4231 502:

808 4280 835 4345 oi
857 4281 890 4344 δὲ
909 4280 1044 4365 γέροντες

559 4379 628 4441 εἵατ’
650 4379 696 4442 ἐπὶ
719 4379 968 4455 usuros-musac
987 4378 1057 4465 ἱερῷ
1073 4379 1117 4456 Ιἐνὶ
1139 4376 1236 4465 κύκλῳ

260 4501 292 4561 et
312 4516 344 4560 v.
364 4498 437 4559 506:

557 4638 654 4693 τοῖσιν
675 4628 759 4692 ἔπειτ’
781 4624 890 4711 ἤισσον
913 4627 1076 4713 ἀμοιβηδὶς
1096 4630 1129 4693 δὲ
1148 4630 1268 4709 δίκαζον

262 4785 294 4846 et
314 4779 453 4846 Achilles
472 4789 629 4864 sceptrum
651 4799 720 4845 esse
740 4781 773 4844 in
793 4780 938 4846 manibus
961 4778 1099 4846 iudioum
1120 4780 1198 4846 dioit
1220 4783 1235 4845 1
1255 4784 1398 4846 nau-9:
