4000 5700
1047 499 1085 561 42

718 648 792 710 iiico
813 646 848 709 dt
869 645 896 709 oi
915 645 1008 710 δώσω
1030 643 1202 727 τύνοιόμινυ
1230 647 1396 727 πτολίεθρα

764 770 790 807 κ.
814 769 841 808 τ.
864 750 890 806 λ

718 847 811 906 πᾶσαι
833 844 859 903 δ’
877 843 963 925 ἐγγυς
983 841 1065 918 ἁλός,
1087 841 1187 934 νέαται
1207 837 1316 904 Πύλου
1338 838 1545 923 ἠμαθόεντος·

718 941 748 1001 ἓν
769 941 796 1001 δ’
818 935 924 1022 ἄνδρες
946 939 1062 1001 ναιόυσι
1083 935 1267 1021 πολύρρηνες
1289 941 1494 1018 πολυβοῦται.
1561 967 1568 982 ·

719 1037 749 1097 o‘r'
765 1036 798 1098 κέ
815 1033 827 1098 ἓ
847 1037 1010 1120 ιλιοτίνῃσιυ
1023 1037 1098 1097 θεὰν
1119 1029 1161 1108 ὥς
1180 1033 1362 1117 τιμήσουσιν

717 1134 768 1194 καί
785 1132 812 1195 oi
835 1131 894 1195 ὖιτὸ
917 1130 1061 1218 σκήπτρῳ
1080 1133 1209 1211 λιπαράς
1228 1132 1361 1195 τελέουσι
1381 1133 1539 1214 θέμιστας.

501 1337 602 1416 Quam
632 1337 673 1402 ob
699 1357 826 1403 causam
854 1337 1089 1404 Seboemannns
1116 1335 1193 1402 dicit
1220 1335 1287 1400 tieri
1314 1338 1512 1421 potuissent
1538 1337 1580 1403 ad
1608 1343 1718 1422 poetas

419 1454 505 1518 fama
535 1472 637 1518 rerum
668 1453 965 1537 Peloponnesiorum
1000 1451 1095 1534 longe
1129 1450 1221 1516 aliter
1253 1451 1489 1518 constitutarum
1521 1454 1562 1518 sit
1596 1453 1719 1537 perlata

421 1567 576 1648 (Schoem.
602 1567 617 1631 Ι
645 1588 675 1650 p.
703 1569 764 1647 35.)
803 1566 985 1632 ithacenses
1018 1571 1122 1638 autem
1158 1573 1189 1630 et
1216 1566 1375 1632 Phaeaces
1402 1567 1429 1632 si
1461 1568 1601 1632 mitiores
1628 1587 1718 1650 reges

420 1681 586 1766 praebent,
614 1701 743 1764 quorum
769 1687 908 1766 potestas
931 1702 994 1746 non
1026 1681 1081 1746 illo
1105 1680 1197 1746 modo
1217 1681 1369 1746 latissime
1389 1681 1507 1764 patuit,
1535 1682 1620 1766 apud
1641 1701 1718 1764 quos

420 1816 475 1862 rex
494 1801 542 1861 est
561 1796 681 1879 primus
699 1796 782 1861 inter
802 1815 910 1879 pares,
939 1797 1058 1886 sicum
1077 1796 1204 1879 regibus
1224 1796 1345 1861 nobiles
1366 1815 1599 1880 comparamus,
1627 1797 1717 1862 uobis

420 1931 516 1976 verae
536 1911 702 1994 potestatis
734 1930 839 1994 regem
866 1911 1081 1976 demonstrant
1107 1931 1177 1976 cum
1204 1911 1354 1976 historiae
1382 1909 1445 1976 fide
1464 1912 1715 1978 consentientem.

420 2027 530 2108 Neque
552 2024 709 2090 affirmare
728 2025 922 2107 dubitemne,
949 2026 1032 2091 hane
1052 2025 1262 2090 Ithacensium
1289 2031 1321 2090 et
1340 2025 1518 2091 Phaeacum
1537 2046 1646 2110 regum
1665 2045 1717 2110 po

422 2146 567 2206 testatem
587 2139 741 2223 quadrare
761 2140 795 2205 in
814 2119 981 2224 gmmabos
1001 2141 1190 2206 Graecorum
1212 2159 1303 2224 reges
1324 2161 1446 2223 omnes,
1473 2140 1526 2206 nbi
1556 2161 1618 2206 non
1640 2141 1718 2206 anti-

421 2255 545 2338 quiores
561 2255 699 2338 incolae,
721 2254 861 2321 rudiores
874 2254 920 2319 ilti
936 2255 1063 2337 quidem
1083 2255 1165 2320 servi
1188 2254 1347 2331 suntfacti
1360 2257 1507 2339 (compar.
1521 2255 1579 2319 Th.
1592 2256 1718 2322 Momm·

421 2390 494 2451 sen,
521 2371 609 2436 Rom.
632 2370 745 2436 Gesch.
770 2370 808 2434 11.
828 2368 910 2434 Aufl.
934 2373 960 2433 1.
982 2369 1041 2434 Bd.
1064 2370 1095 2436 S.
1118 2373 1178 2450 70.)
1201 2376 1255 2434 ant
1276 2390 1367 2454 reges
1389 2371 1547 2454 peregrini
1569 2371 1719 2436 maiorem

420 2485 593 2570 potentiam
612 2485 824 2567 maioremque
847 2483 1034 2567 dignitatem
1056 2483 1300 2568 explicavemnt.
1342 2485 1533 2564 Quibuscum
1558 2485 1718 2569 germanis

419 2600 546 2683 regibus
567 2599 698 2665 Graecis
726 2599 844 2683 optime
864 2599 1075 2681 consentiunt,
1098 2617 1179 2681 quae
1198 2597 1285 2682 apud
1307 2599 1452 2664 Tacitum
1472 2600 1505 2663 in
1527 2600 1716 2666 Germaniae

420 2715 500 2780 libro
524 2713 673 2797 legimus,
701 2713 805 2796 capite
831 2714 978 2797 septimo:
1009 2715 1137 2798 „Reges
1159 2734 1197 2780 ex
1219 2714 1398 2796 nobilitate,
1427 2713 1522 2778 duc'es
1544 2733 1582 2778 ex
1604 2715 1718 2780 virtute

420 2817 553 2896 s'umunt.
595 2830 664 2896 Nec
682 2828 809 2912 regibus
829 2828 952 2894 infinita
972 2835 1026 2895 aut
1045 2829 1144 2895 libera
1162 2833 1312 2914 potestas,
1333 2833 1364 2894 et
1384 2828 1480 2894 duces
1500 2828 1643 2913 exemplo
1665 2851 1718 2915 po-

391 2962 395 2969 ·
420 2948 482 3012 tius
501 2966 595 3029 quam
618 2945 765 3029 imperio,
792 2944 819 3009 si
841 2946 993 3029 prompti,
1015 2946 1042 3010 si
1063 2944 1241 3028 conspicui,
1272 2944 1298 3009 si
1320 2949 1393 3009 ante
1414 2944 1515 3009 aciem
1536 2950 1643 3027 agant,
1664 2945 1718 3010 ad-

420 3061 585 3127 miratione
608 3059 785 3144 praesunt.“

498 3177 536 3241 ln
554 3175 752 3241 contionibus
772 3181 877 3239 autem
902 3173 986 3255 regis
1012 3192 1143 3256 parvam
1166 3180 1353 3256 potestatem
1383 3174 1586 3257 dignovimus
1605 3193 1645 3239 ex
1668 3194 1718 3239 ca

421 3292 487 3375 pne
512 3293 542 3353 ιι
570 3289 674 3354 sitan.

500 3404 595 3489 Apud
616 3405 789 3469 Germanos
811 3404 907 3487 igitur
919 3378 1019 3487 'reges
1039 3402 1220 3468 fortitudine
1240 3404 1305 3469 fere
1328 3403 1433 3468 omnia
1455 3408 1627 3486 praestant,
1648 3422 1717 3487 pru-

421 3509 661 3603 dentia-reges
678 3519 731 3601 qui
753 3538 792 3583 ex
812 3517 977 3583 nobilitate
999 3516 1182 3601 prodierunt
1201 3516 1321 3582 divitiis
1342 3524 1374 3583 et
1394 3518 1542 3583 comitum
1563 3518 1717 3601 magnitu-

421 3635 495 3700 dine
515 3634 656 3718 insignes
677 3634 728 3713 (Η.
742 3634 816 3715 Leo,
836 3632 948 3699 Lehrb.
971 3631 1151 3698 derGesoh.
1169 3630 1225 3697 des
1243 3632 1449 3715 Mittelaltem,
1475 3636 1497 3695 1.
1511 3632 1569 3697 Th.
1592 3652 1622 3716 p.
1637 3634 1698 3712 33.)

500 3749 533 3816 Si
561 3728 806 3815 consideramus*
822 3749 1047 3814 Germanorum
1075 3746 1250 3828 civitatem,
1281 3748 1315 3810 in
1348 3767 1411 3829 qna
1439 3753 1510 3812 sunt
1538 3747 1661 3813 nobiles
1688 3752 1720 3812 et

419 3865 548 3949 ingenui
576 3864 627 3929 vel
655 3863 745 3928 liberi
773 3864 858 3929 cives
887 3862 965 3940 (ioh.
993 3861 1122 3945 Scherr,
1148 3862 1297 3951 deutsche
1319 3861 1450 3925 Kultur-
1477 3860 1541 3925 und
1563 3861 1718 3944 Sittenge-

421 3979 561 4047 sehicbte
589 3980 626 4042 [Ι.
648 3977 728 4043 Aufl.
742 3999 785 4061 p.
808 3979 858 4053 38)
884 3976 1081 4043 recordamur
1109 3977 1297 4042 Graecorum
1325 3976 1471 4041 civitatis.
1512 3975 1607 4060 Apud
1636 3978 1718 4061 Aga-

421 4114 616 4160 memnonem
633 4095 717 4159 enim
737 4093 896 4177 principes
915 4092 949 4155 in
970 4092 1102 4157 concilio
1124 4092 1317 4172 invenimus,
1338 4090 1391 4172 qui
1411 4110 1467 4173 per
1486 4110 1520 4156 se
1541 4110 1632 4174 reges
1651 4111 1718 4156 sno-

421 4231 488 4276 mm
509 4209 693 4294 populorum
713 4209 747 4273 in
767 4208 849 4273 bello
864 4208 1001 4272 Troiano
1023 4207 1102 4272 nihil
1117 4207 1204 4271 aliud
1219 4206 1368 4272 valebant
1382 4225 1477 4288 quam
1492 4205 1616 4271 Alcinoi
1635 4206 1718 4289 prin-

423 4325 510 4409 cipes
531 4329 585 4388 ant
607 4323 817 4388 Ithacensium
838 4322 977 4405 nobiles,
999 4322 1053 4405 qui
1074 4321 1183 4407 populi
1205 4321 1355 4404 primores
1380 4325 1467 4403 sunt,
1490 4326 1616 4404 praeter
1643 4339 1719 4403 quos

423 4440 478 4504 alii
499 4439 621 4504 nobiles
639 4438 728 4502 multi
752 4444 784 4503 et
808 4437 899 4503 liberi
919 4437 971 4502 vel
990 4437 1120 4521 ingenui
1141 4456 1264 4521 semper
1282 4435 1458 4502 floruemnt.

501 4554 686 4619 Aristoteles
706 4558 811 4618 autem
838 4552 930 4618 nobis
956 4552 1081 4617 dixerat
1107 4551 1231 4617 heroico
1257 4556 1397 4634 tempore
1424 4569 1514 4633 reges
1544 4550 1720 4615 volentibus

422 4670 544 4735 civibus
565 4669 739 4750 exstitisse,
762 4669 890 4734 Tacitus
912 4669 1138 4735 Germanorum
1161 4686 1268 4751 regum
1289 4664 1493 4730 creandorum
1512 4664 1637 4729 modum
1660 4672 1720 4729 tra

422 4783 561 4866 diderat,
590 4784 675 4869 apud
696 4784 853 4850 Romanos
874 4803 971 4867 penes
988 4784 1075 4848 cives
1092 4800 1214 4865 quoqne
1233 4780 1372 4847 civitatis
1391 4798 1512 4845 summa
1530 4798 1580 4845 res
1599 4784 1667 4845 erat
1686 4785 1721 4844 nt
