4000 5700
901 513 940 577 39

278 662 331 743 qui
360 681 420 724 non
447 660 546 724 solum
566 659 653 724 Eleis
679 659 775 743 Epeis
801 666 949 743 praesunt
973 659 1029 725 sed
1058 662 1152 726 etiam
1178 663 1347 728 insularum
1376 664 1572 729 Echinadum

277 776 308 839 11
329 776 462 839 sua-8:

576 920 608 983 οἳ
624 922 650 983 δ’
671 923 702 983 εἰι
722 923 903 1002 Δουλιχίοιο
925 920 1071 1002 Ἐχινάων
1091 927 1124 984 θ’
1145 923 1252 1008 ἱεράων

575 1015 685 1100 νήσων,
707 1018 743 1080 οἳ
760 1020 876 1080 νοιόοοι
896 1019 989 1101 πέρην
1010 1011 1083 1093 dioc
1099 1017 1227 1096 Ἢλιιλος
1247 1020 1332 1100 ἄντα,

576 1120 639 1179 τῶν
658 1106 732 1177 alu’
751 1115 907 1199 ἡγεμόνευε
930 1117 1037 1199 Μέγης
1057 1115 1227 1194 ἀτάλαντος
1242 1116 1328 1203 Ἄρηι

578 1215 725 1295 Φυλείδης
743 1238 768 1275 κ.
792 1238 818 1276 τ.
840 1219 866 1275 λ.

355 1390 514 1454 Summam
535 1386 632 1469 igitur
657 1386 684 1451 si
705 1385 836 1451 iacimus
859 1406 960 1451 rerum
987 1386 1021 1451 in
1043 1394 1183 1452 extrema
1202 1395 1292 1473 parte
1314 1391 1454 1473 opusculi
1475 1393 1573 1456 nostri

277 1503 512 1587 explicatarum,
533 1520 639 1583 regern
658 1499 817 1582 habemus,
838 1521 930 1582 quem
952 1507 1098 1566 consueto
1120 1521 1205 1566 more
1226 1501 1308 1567 filius
1321 1503 1468 1585 sequitur.
1510 1507 1574 1571 Sed

277 1619 339 1684 diis
361 1618 525 1703 populisve
546 1616 654 1680 invitis
682 1615 775 1680 l'acile
791 1613 857 1679 fieri
885 1619 1003 1699 potest,
1032 1623 1065 1680 ut
1087 1615 1239 1699 regnandi
1257 1622 1397 1701 potestas
1418 1618 1459 1683 ad
1476 1622 1571 1686 alium

278 1753 369 1823 quem
389 1731 589 1797 fortissimum
610 1730 784 1814 principem
804 1735 959 1811 transeat,
983 1730 1058 1812 quia
1078 1713 1243 1814 potestatis
1264 1732 1370 1816 regiae
1391 1732 1572 1800 tundamen-

277 1855 342 1914 tum
363 1853 412 1913 est
431 1843 588 1911 fortitudo.
630 1845 740 1927 Neque
763 1844 862 1909 solum
882 1865 977 1908 unum
1006 1864 1111 1928 regem
1140 1845 1196 1909 sed
1223 1846 1318 1910 etiam
1347 1845 1424 1912 duos
1445 1870 1573 1915 consan-

277 1963 408 2047 guineos
434 1967 466 2027 et
493 1962 598 2045 plures
626 1960 710 2025 nullo
731 1959 894 2043 sanguinis
921 1960 1046 2024 vinculo
1073 1961 1253 2027 coniunctos
1281 1962 1423 2028 extitisse
1452 1966 1573 2049 accepi-

276 2098 353 2144 mus.
393 2077 479 2155 Quos
500 2075 606 2159 plures
626 2093 722 2157 saepe
743 2074 797 2138 uni
819 2073 929 2138 maiori
949 2074 1090 2139 subditos
1117 2074 1213 2140 fuisse
1236 2076 1369 2158 probare
1389 2077 1572 2155 studuimus,

276 2212 379 2276 neque
402 2198 506 2256 tamen
526 2188 727 2273 negavimus,
754 2188 889 2253 inveniri
921 2188 1026 2272 plures
1058 2189 1215 2273 dignitate
1240 2191 1437 2259 nullomodo
1460 2192 1573 2257 diiudi-

279 2315 359 2373 cata.
401 2305 501 2383 Quam
522 2304 562 2368 ob
584 2321 711 2368 causam
732 2306 829 2367 restat
850 2309 884 2366 ut
902 2303 953 2368 vel
976 2304 1183 2369 concedamus
1205 2305 1299 2370 latius
1316 2307 1423 2390 regiae
1439 2313 1574 2392 potesta·
1634 2305 1637 2310 ’

278 2423 320 2486 tis
342 2420 420 2484 fines
440 2418 592 2503 patuisse,
620 2416 670 2480 vel
698 2416 779 2480 inter
811 2416 970 2500 principes
990 2423 1022 2482 et
1042 2437 1131 2500 reges
1151 2439 1213 2483 non
1230 2419 1359 2484 multum
1379 2420 1575 2489 differentiae

278 2534 500 2601 intercessisse.
544 2533 579 2596 ln
602 2532 715 2614 quibus
737 2531 974 2598 difficultatibus
995 2533 1193 2618 explicandis
1215 2534 1302 2598 multi
1323 2535 1383 2600 viri
1404 2535 1488 2602 docti
1509 2559 1575 2605 sae-

278 2650 349 2735 pius
371 2648 503 2734 professi
525 2653 605 2728 sunt,
624 2645 743 2712 distare
761 2647 843 2711 inter
863 2667 897 2712 se
919 2646 1082 2730 Odysseae
1104 2668 1194 2732 reges
1215 2654 1308 2731 atque
1329 2649 1448 2716 Iliadis.
1489 2654 1575 2717 Prin-

276 2767 364 2851 cipes
387 2763 471 2858 enim
489 2762 560 2848 plus
576 2763 681 2828 valere
701 2764 735 2827 in
756 2763 914 2846 Odyssea,
942 2782 1043 2845 neque
1065 2784 1155 2848 reges
1176 2764 1276 2829 vereri
1298 2784 1464 2850 eorumque
1486 2768 1575 2834 lami-

275 2882 366 2957 liam,
393 2886 428 2945 ut
454 2881 506 2946 vel
534 2880 582 2945 ius
609 2878 832 2945 hereditarium
859 2898 921 2943 non
939 2878 1047 2961 magni
1070 2878 1230 2945 haberent.
1275 2881 1358 2947 luter
1384 2902 1462 2964 quos
1492 2884 1575 2949 viros

277 2997 386 3062 doctos
405 2996 616 3061 Lessmannus
636 2996 669 3059 iu
692 2995 912 3060 dissertatione
933 2995 1030 3059 citata
1052 2996 1166 3079 populo
1190 3017 1311 3080 quoque
1333 2999 1404 3081 plus
1426 3000 1459 3063 in
1475 2999 1574 3085 Odys-

278 3132 333 3177 sea
352 3111 461 3176 tribuit
486 3131 580 3193 quam
600 3111 632 3175 in
657 3112 755 3176 altero
781 3111 919 3175 carmine
943 3109 1007 3174 his:
1038 3110 1098 3191 „Si
1123 3110 1200 3192 quid
1228 3132 1302 3177 vero
1332 3114 1447 3197 populo
1468 3134 1575 3180 conce-

279 3225 415 3292 dendum
443 3232 505 3308 est,
531 3225 565 3290 id
592 3226 696 3308 potius
723 3226 756 3289 in
785 3225 996 3292 Ithacensium
1022 3209 1261 3308 Phaeacumque
1289 3227 1450 3293 civitatem
1480 3228 1575 3311 cadit,

279 3339 396 3422 quippe
420 3358 500 3421 quae
521 3339 612 3405 aliter
635 3338 728 3403 fuerit
762 3340 930 3403 constituta
955 3346 987 3403 et
1017 3345 1136 3404 mutata
1162 3340 1226 3403 iam
1253 3359 1355 3405 rerum
1380 3340 1575 3425 publicarum

278 3454 378 3520 lorma
403 3454 445 3518 ad
470 3455 618 3519 seriorum
644 3461 818 3537 temporum
847 3454 1000 3517 rationem
1027 3452 1155 3538 propius
1176 3455 1336 3520 accedat.“
1377 3456 1449 3521 Non
1477 3464 1574 3522 muta-

279 3575 344 3635 tum
365 3575 470 3634 autem
489 3570 628 3635 civitatis
646 3588 745 3652 genus
767 3568 825 3632 sed
844 3568 1035 3651 reipublicae
1061 3568 1199 3633 conditio
1220 3569 1314 3635 efficit
1334 3575 1368 3635 ut
1390 3570 1498 3636 Iliadis
1520 3592 1575 3637 rex

279 3683 413 3750 validior·
430 3684 574 3767 evaserit,
594 3684 669 3767 quia
690 3683 805 3749 bellum
816 3683 959 3747 omnibus
980 3684 1171 3767 temporibus
1192 3684 1278 3767 leges
1298 3685 1468 3769 graviores,
1488 3692 1574 3771 pote-

279 3805 398 3865 statem
416 3820 565 3864 malorem
592 3805 748 3883 praestat,
781 3819 841 3880 quo
862 3798 1040 3863 Aristotelis
1067 3819 1189 3881 quoque
1217 3800 1334 3864 dictum
1362 3806 1484 3884 spectat
1511 3801 1572 3881 adp

279 3914 335 3995 γὰρ
356 3914 422 3995 ἐμοὶ
449 3914 594 3986 θάνατος.
637 3914 746 3997 Neque
773 3920 877 3978 tamen
902 3915 1002 3999 ipsius
1028 3914 1153 3978 Homeri
1178 3915 1373 3997 Agamemno
1401 3936 1493 3981 verus
1520 3937 1575 3982 rex

280 4049 349 4094 cum
369 4030 519 4093 historiae
538 4029 630 4094 t'actis
652 4029 849 4095 consentiens
870 4036 918 4093 est
939 4028 1110 4093 habendus.
1151 4030 1275 4095 Etenim
1299 4052 1354 4097 rex
1375 4052 1466 4115 quem
1487 4030 1574 4095 vide-

279 4164 348 4209 mus
368 4144 450 4209 ouris
472 4151 504 4208 et
524 4144 809 4227 perturbationibus
828 4151 992 4225 vexatum,
1022 4142 1170 4208 subsidiis
1198 4152 1292 4227 atque
1321 4146 1494 4211 rationibus
1513 4166 1575 4210 non

278 4259 408 4323 multum
428 4258 595 4340 valentem,
610 4260 663 4340 qui
684 4260 782 4324 multa
797 4259 934 4324 facturus
955 4266 1017 4339 est,
1038 4280 1140 4343 pauca
1161 4259 1256 4325 efficit
1263 4310 1271 4342 ,
1291 4281 1382 4342 quem
1402 4261 1488 4324 nulla
1510 4260 1575 4324 fere

279 4379 433 4457 potestate
455 4372 488 4437 hi
509 4394 617 4438 versus
632 4372 847 4440 demonstrant
869 4374 898 4437 ll
918 4376 973 4437 72:

454 4520 517 4585 ἀλλ’
538 4518 615 4605 ἄγετ’
635 4522 728 4585 αἴκέν
750 4547 816 4597 mog
832 4524 1014 4606 θωρήξομεν
1035 4518 1100 4597 οἷος
1115 4522 1248 4604 Ἀχαιῶν
1266 4548 1291 4585 κ.
1304 4549 1330 4586 τ.
1342 4528 1368 4585 λ.
1395 4587 1401 4597 ,

279 4674 306 4738 is
329 4693 390 4757 quo
412 4674 479 4739 iure
509 4694 661 4741 summam
688 4675 811 4759 imperii
841 4675 901 4739 sibi
929 4674 1091 4739 vindicare
1112 4694 1206 4739 ausus
1226 4674 1341 4739 tuerit?
1370 4673 1417 4753 (E.
1442 4673 1575 4755 Curtius,

280 4789 332 4855 Gr.
355 4788 467 4856 Gesch.
494 4795 520 4855 l.
541 4792 599 4857 Bd.
628 4812 659 4875 p.
686 4792 751 4882 122.
792 4789 914 4855 Schdm.
935 4810 966 4873 p.
987 4790 1050 4870 22.)
1091 4790 1133 4853 At
1160 4789 1227 4854 sine
1252 4788 1348 4855 dubio
1369 4791 1574 4871 Agamemno-
