4000 5700
710 1271 851 1357 Rlllilll
885 1269 1117 1355 porussis

482 1462 606 1546 llllrtll
636 1461 804 1544 sunan
839 1459 1091 1544 SECVNDVM
1120 1456 1359 1542 HdllllRVM.

353 2026 451 2142 Quae
469 2066 563 2132 luerit
590 2069 675 2153 apud
696 2069 833 2134 Graecos
856 2073 996 2152 tempore
1024 2068 1149 2136 heroico
1176 2067 1265 2147 regia
1286 2070 1425 2150 potestas
1445 2085 1515 2130 cum
1535 2065 1568 2128 in

269 2181 529 2266 disceptationem
549 2186 695 2247 vocatum
715 2183 757 2246 sit
777 2203 797 2246 a
818 2183 924 2246 multis
943 2183 1021 2248 viris
1039 2182 1156 2265 doctis,
1185 2201 1248 2246 non
1269 2182 1380 2244 mirum
1403 2185 1567 2261 estusque

146 2345 149 2348 -
270 2297 313 2361 ad
333 2297 392 2362 hoo
414 2303 537 2381 tempus
555 2297 636 2360 inter
657 2298 830 2362 contrarias
857 2298 1031 2363 sententias
1059 2319 1121 2363 non
1150 2316 1219 2363 esse
1236 2294 1453 2361 diiudicatum.
1495 2293 1567 2358 Car-

270 2410 357 2474 mina
377 2412 461 2474 enim
482 2411 653 2494 homerica,
680 2432 720 2477 ex
741 2413 854 2494 quibus
881 2413 957 2478 solis
984 2413 1195 2496 cognitionem
1218 2412 1303 2476 illius
1323 2409 1472 2494 temporis
1492 2409 1567 2474 hau-

270 2525 383 2607 rimus,
417 2547 481 2592 non
506 2527 640 2612 primum
667 2533 783 2593 statum
812 2529 921 2613 populi
944 2529 1115 2594 exorientis
1140 2529 1266 2595 civilem
1292 2530 1484 2611 proponunt,
1512 2523 1568 2588 sed

269 2640 485 2707 condicionem
514 2663 616 2708 rerum
645 2644 841 2728 publicarum
868 2649 900 2708 et
934 2645 1144 2728 privatarum,
1178 2663 1258 2726 quae
1288 2662 1358 2706 cum
1387 2660 1451 2704 non
1476 2638 1569 2703 unius

269 2761 382 2840 poetae
401 2756 529 2841 ingenio
550 2759 730 2841 excogitata
751 2758 912 2841 videatur,
934 2777 1060 2842 prorsus
1080 2764 1200 2824 remota
1229 2777 1298 2823 esse
1319 2761 1421 2841 potest
1445 2775 1465 2818 a
1485 2771 1567 2817 vero.

269 2868 386 2934 Contra
407 2890 483 2937 sane
504 2873 658 2956 sentiunt,
688 2872 854 2956 pristinum
881 2873 968 2938 illum
996 2878 1113 2937 statum
1139 2873 1219 2938 bene
1235 2871 1372 2956 perspici
1399 2889 1508 2954 posse,
1537 2868 1568 2933 ei

269 2984 323 3065 qui
343 2984 448 3050 Wolfii
474 2986 668 3051 coniecturas
697 2986 833 3071 probant
859 2993 891 3050 et
918 2986 1089 3051 secundum
1115 2986 1350 3051 Lachmannum
1377 2983 1509 3049 Hiadem
1536 2988 1568 3047 et

267 3096 444 3180 Odysseam
469 3106 647 3165 contextam
680 3119 749 3165 esse
785 3120 824 3164 ex
855 3100 953 3164 variis
987 3100 1177 3164 carminibus
1210 3098 1413 3183 popularibus
1446 3102 1567 3181 putant.

267 3211 361 3275 Haud
382 3213 466 3277 enim
491 3212 619 3277 dubium
650 3220 698 3278 est
719 3215 795 3296 quin
822 3214 878 3278 illa
905 3215 1046 3279 carmina
1072 3216 1100 3279 si
1127 3214 1294 3298 popularia
1314 3218 1433 3294 essent,
1459 3220 1579 3276 verum*

268 3330 390 3388 tantum
412 3327 446 3389 in
473 3334 641 3410 conspectu
669 3330 810 3413 positura
839 3336 951 3394 essent.
992 3330 1041 3393 Ex
1069 3336 1182 3394 natura
1210 3330 1286 3393 artis
1313 3329 1456 3412 poeticae
1483 3328 1567 3391 enim

268 3457 319 3503 res
340 3439 429 3523 ipsae
452 3445 573 3505 tantum
593 3442 783 3507 carminibus
810 3443 1014 3526 popularibus
1039 3444 1172 3528 proponi
1200 3442 1347 3507 videntur
1367 3441 1566 3522 animumque

268 3558 431 3636 poetarum
446 3556 539 3620 rebus
558 3556 638 3639 ipsis
657 3555 737 3621 adeo
763 3557 910 3641 occupari
940 3577 1117 3640 censemus,
1144 3563 1178 3621 ut
1198 3557 1243 3620 illi
1264 3556 1342 3621 nihil
1362 3556 1426 3620 fere
1452 3554 1492 3619 de
1510 3574 1565 3619 suo

267 3667 396 3732 addant.
438 3668 527 3747 Quae
548 3673 715 3757 popularia
742 3673 882 3738 carmina
909 3674 1015 3738 omnia
1045 3693 1115 3737 cum
1142 3672 1351 3755 elegantiores
1371 3690 1493 3754 quoque
1513 3670 1566 3734 ho-

266 3783 384 3864 mines,
410 3785 555 3866 quamvis
586 3787 691 3851 aliena
718 3788 781 3851 sint
802 3808 822 3851 a
843 3787 983 3871 perfecta
1008 3787 1175 3852 formarum
1196 3785 1442 3870 pulchritudine,
1462 3805 1566 3849 rerum

267 3895 300 3958 vi
321 3902 415 3977 atque
435 3898 579 3982 potentia
600 3900 757 3983 vinciant,
784 3900 871 3965 haud
892 3901 988 3966 dubie
1016 3900 1109 3965 laude
1133 3900 1319 3983 dignissima
1341 3905 1427 3982 sunt,
1455 3898 1511 3963 sed
1538 3900 1565 3963 si

267 4007 469 4091 perfeetionis
486 4011 612 4077 laudem
630 4014 691 4079 sibi
712 4014 876 4079 vindicare
897 4021 1038 4100 possunt,
1060 4014 1169 4081 brevia
1190 4024 1310 4078 tantum
1329 4023 1477 4097 poemata
1497 4032 1565 4078 esse

267 4123 393 4204 debent,
414 4143 584 4205 quaecum
604 4127 697 4192 unica
717 4129 815 4193 animi
836 4129 1062 4214 temperatione
1079 4134 1224 4194 accurate
1238 4128 1301 4193 sint
1313 4127 1448 4209 condita,
1468 4133 1566 4192 artem

267 4242 373 4301 tamen
394 4237 560 4303 multarum
581 4259 683 4305 rerum
698 4241 834 4325 perfecte
855 4241 1139 4325 componendarum
1163 4262 1226 4306 non
1247 4240 1405 4305 exhibent.
1446 4242 1491 4307 Ut
1510 4242 1564 4305 Hi-

267 4350 359 4433 spani
388 4355 481 4433 atque
501 4351 623 4417 Arabes
643 4353 871 4438 Hispanienses
896 4375 966 4420 cum
993 4355 1160 4420 multorum
1189 4374 1334 4419 versuum
1360 4355 1500 4419 carmina
1514 4354 1565 4421 'er

267 4470 406 4548 tempore
422 4464 642 4549 condiderunt,
669 4468 849 4552 praeclaros
868 4469 989 4552 aliquot
1015 4470 1100 4534 locos
1125 4468 1245 4533 fervore
1271 4468 1394 4552 poetico
1422 4468 1465 4533 ad
1485 4490 1565 4535 sum-

266 4598 351 4643 mum
373 4577 594 4662 perduxerunt,
615 4600 785 4663 numquam
805 4586 904 4646 totum
926 4601 1053 4646 carmen
1072 4582 1153 4647 bene
1174 4587 1429 4664 composuerunt,
1447 4588 1481 4646 ut
1503 4583 1564 4647 Ed-

267 4693 327 4758 dae
349 4672 496 4778 poemata
519 4700 612 4777 atque
636 4696 804 4761 Suecorum
825 4697 966 4761 carmina
987 4696 1154 4781 popularia
1173 4694 1315 4760 ciusdem
1337 4701 1409 4760 sunt
1429 4696 1563 4765 habitus.

205 4872 211 4882 ,
266 4808 393 4874 Homeri
413 4828 488 4875 vero
508 4828 633 4875 carmen
659 4816 821 4893 utrumque
849 4812 895 4875 ita
922 4831 984 4876 uno
1014 4811 1135 4894 animo,
1160 4810 1206 4874 ita
1237 4808 1348 4874 eadem
1375 4813 1564 4893 cogitatione

1351 4912 1372 4964 1.
