4000 5700
907 489 928 547 7

273 637 304 701 11
324 657 355 718 p.
377 636 436 697 313
457 634 512 700 ubi
532 634 664 717 legimus
685 634 718 697 in
737 653 814 699 voce
834 633 934 698 latina
954 636 1009 699 rex
1030 633 1109 699 duas
1129 635 1261 700 fortasse
1281 635 1403 701 radices
1424 636 1567 702 diversas

274 748 485 834 „splendendi
507 754 602 830 atque
620 747 750 831 regendi
757 749 774 782 “
792 749 911 830 inesse3
933 754 1027 831 atque
1047 733 1128 814 ialsa
1143 750 1339 815 Mommsenii
1362 750 1449 816 vocis
1469 753 1567 835 expli-

274 866 356 931 catio
376 866 464 930 Rbm.
487 865 600 932 Gesch.
617 867 641 929 l.
662 863 784 930 anufl.
806 864 838 930 S.
852 867 901 928 59.

353 980 499 1064 Corporis
520 999 594 1044 vere
614 980 698 1044 vires
726 980 914 1064 permultum
933 981 1072 1046 valuisse
1094 981 1136 1045 ad
1158 980 1404 1065 adipiscendam·
1416 1000 1568 1045 summam

272 1097 356 1180 regis
366 1102 553 1180 potestatem
573 1095 653 1159 haec
664 1094 790 1160 ducent:
812 1091 923 1177 κράτος
933 1096 1021 1161 vocis
1034 1096 1222 1180 significatio
1234 1116 1297 1160 nun
1308 1101 1355 1160 est
1373 1095 1568 1176 seiungenda

273 1209 461 1291 auper‘numv
488 1212 540 1292 (ex
560 1209 703 1291 aperitur)
729 1205 906 1290 κράτιστος,
930 1207 1046 1292 κρατέω
1074 1229 1154 1291 quae
1182 1209 1279 1274 verba
1306 1209 1370 1273 vim
1397 1210 1449 1273 vel
1475 1209 1569 1273 robur

274 1323 462 1407 significant,
483 1329 518 1387 ut
537 1344 599 1388 vox
621 1329 713 1388 xatra
731 1329 763 1388 et
783 1323 876 1388 robur
895 1330 927 1388 et
943 1325 1045 1388 virum
1065 1344 1104 1389 ex
1120 1330 1207 1390 secta
1218 1324 1417 1404 bellatorum,
1438 1322 1568 1386 khsatra

274 1458 380 1522 regem
400 1438 433 1502 in
461 1438 570 1521 lingua
594 1437 733 1502 nendica.
774 1439 877 1520 Atque
903 1444 994 1522 pater
1020 1439 1158 1506 familias
1177 1439 1245 1503 sive
1273 1457 1328 1504 rex
1350 1438 1513 1502 familiaris
1534 1438 1567 1522 in

273 1553 323 1618 his
342 1553 459 1636 linguis
482 1552 592 1618 eudem
612 1551 705 1617 mode
728 1553 914 1635 nominatur,
934 1573 1008 1616 nam
1028 1575 1072 1636 gr.
1096 1575 1214 1626 ηοω-ς
1236 1558 1268 1617 et
1288 1558 1343 1618 set.
1364 1553 1498 1637 pati-s
1520 1557 1568 1616 est

272 1667 425 1750 dominus,
445 1667 575 1748 coniux,
601 1671 632 1731 et
651 1666 736 1750 geth.
758 1666 868 1731 fath-s
891 1666 1049 1749 deminus,
1077 1686 1117 1731 ex
1137 1667 1241 1731 verbis
1262 1667 1442 1751 compositis
1463 1673 1566 1732 autem

271 1783 356 1866 geth.
376 1781 580 1846 hunda-iaths
596 1781 753 1864 siguificat
774 1782 996 1864 centurionem,
1019 1787 1073 1846 set.
1087 1781 1219 1891 vie-pati
1234 1781 1394 1846 homiuum
1408 1782 1567 1846 dominum

272 1897 340 1962 sive
360 1917 466 1981 regem
487 1897 538 1978 (G.
550 1897 674 1962 Curtius
691 1898 715 1960 Ι,
736 1917 767 1980 p.
784 1897 863 1977 132.)
886 1895 953 1960 lith.
974 1896 1141 1980 wiezpatis
1162 1902 1262 1961 terrae
1275 1895 1443 1979 dominum,
1465 1897 1568 1980 ipsum

272 2012 364 2077 deum
380 2018 501 2076 tantum
518 2017 551 2076 et
570 2031 677 2094 regem
698 2010 868 2076 secundum
889 2010 1142 2093 Schleicherium,
1163 2011 1307 2095 vic-paiti
1331 2010 1489 2102 deminum
1504 2012 1567 2076 vici

272 2128 476 2209 (Quibuscum
494 2127 649 2192 censentit
670 2126 707 2191 G.
721 2125 846 2191 Curtius
863 2126 878 2188 Ι
897 2145 928 2209 p.
950 2128 1018 2206 247,
1039 2127 1100 2205 48).

352 2243 421 2307 Nec
432 2242 535 2306 minus
557 2241 672 2320 ποιμὴν
692 2240 774 2300 λαῶν
786 2239 997 2322 seiungendus
1009 2245 1057 2306 est
1073 2240 1114 2306 ab
1129 2240 1351 2305 illaVedamm
1369 2260 1447 2306 voce
1466 2241 1565 2324 gopri3

271 2357 374 2440 prima
401 2356 485 2420 enim
516 2354 604 2420 verbi
630 2353 819 2437 significatio
849 2359 896 2419 est
922 2355 1101 2420 bubulci-si
1128 2356 1202 2420 licet
1229 2356 1360 2438 Vergilii
1387 2377 1464 2422 voce
1493 2357 1568 2439 uti-,

272 2471 372 2536 altera
393 2489 465 2536 eum
485 2470 537 2552 qui
551 2469 709 2554 praesidio
723 2473 771 2534 est
783 2469 879 2534 alicui
893 2469 1060 2553 significat,
1081 2471 1266 2553 praesertim
1282 2470 1375 2536 deum
1394 2471 1566 2554 tutelarem,

270 2591 427 2670 pestremo
454 2604 509 2650 rex
537 2585 607 2669 ipse
634 2590 764 2649 vocatur
789 2585 875 2668 gupa
895 2584 1003 2665 (Kuhn
1022 2583 1108 2668 apud
1128 2586 1252 2669 Weber,
1272 2585 1414 2651 indisehe
1434 2585 1567 2662 Studien

269 2701 327 2766 Bd.
348 2701 388 2780 Ι.)

349 2815 420 2895 Qua
439 2834 472 2881 re
493 2815 603 2899 primis
626 2815 710 2899 regis
731 2819 763 2879 et
787 2813 979 2898 reipublicae
1006 2813 1175 2880 exorientis
1202 2813 1413 2881 fundamentis
1431 2815 1566 2899 cognitis

270 2931 492 3016 aggrediamur
510 2929 553 3002 ad
572 2950 637 2995 rem
656 2935 795 2995 nostram
814 2930 926 3014 ipsam.

349 3047 534 3112 Aristoteles
554 3046 634 3111 libro
655 3046 751 3111 citato
771 3045 891 3129 regiam
909 3049 1095 3129 potestatem
1104 3044 1249 3111 heroicae
1262 3046 1376 3111 aetatis
1390 3045 1440 3111 his
1451 3045 1565 3113 descri-

270 3164 318 3228 bit
338 3162 472 3227 Pellll.
492 3163 521 3225 9.
543 3164 572 3241 ξ.
583 3164 611 3223 7:

347 3307 445 3393 κύριαι
466 3311 492 3371 d'
511 3298 590 3391 ἦσαν
614 3312 670 3390 τῆς
691 3333 722 3371 τε
748 3311 825 3371 κατὰ
852 3306 985 3389 πόλεμον
1008 3308 1169 3391 ἡγεμονίας
1190 3309 1238 3371 καὶ
1258 3312 1322 3376 τῶν
1342 3312 1471 3386 θυσιῶν,
1494 3303 1565 3373 ὅσαι

268 3410 312 3491 μὴ
334 3406 484 3491 ἱερατικαί,
503 3407 551 3468 καὶ
576 3407 654 3489 πρὸς
675 3402 871 3479 ταύταςτὰς
890 3407 974 3480 δίκας
993 3404 1114 3490 ἔκρινον.

349 3577 470 3657 Quibus
482 3549 662 3641 muneribus
676 3574 732 3639 alii
746 3574 832 3640 velut
845 3574 986 3639 Scbcem.
1002 3575 1014 3636 l
1037 3595 1067 3657 p.
1081 3576 1129 3638 28.
1171 3574 1340 3657 Naegelsb.
1359 3574 1440 3639 hum.
1455 3574 1564 3639 Theoi.

269 3715 300 3778 p.
310 3694 370 3756 284
390 3692 424 3756 id
444 3691 566 3757 addunt
585 3697 619 3756 ut
639 3709 731 3774 reges
751 3690 934 3755 concionem
951 3694 1132 3772 convocent,
1153 3694 1345 3755 convocatae
1354 3689 1502 3774 praesint.

349 3808 457 3890 Reges
469 3808 565 3890 igitur
586 3805 777 3871 exercituum
795 3805 890 3871 duces
911 3811 1009 3869 erant.

348 3922 496 4003 Legimus
514 3922 548 3985 iu
567 3920 668 3986 Iliade
691 3921 738 3985 IX
758 3922 810 3989 69:

484 4066 619 4151 Ἀτρείδη
640 4070 678 4131 σύ
698 4067 754 4149 μὲν
774 4063 849 4152 ἄρχε
865 4066 904 4131 σὺ
922 4070 979 4153 γὰρ
997 4068 1216 4147 βασιλεύτατος
1238 4074 1302 4134 ἐσσι

268 4239 370 4302 neque
394 4219 459 4283 alia
480 4219 510 4282 ll
529 4221 596 4300 344,
617 4223 651 4282 5:
747 4216 749 4222 '

482 4384 619 4468 Ἀτρείδη
639 4387 678 4449 ud
699 4387 725 4447 δ”
747 4384 794 4447 ἴθ’
816 4385 859 4459 ὥς
879 4387 949 4469 πρὶν
968 4385 1047 4467 ἔχων
1067 4385 1225 4473 donipetra
1243 4391 1359 4471 βουλὴν

485 4479 579 4564 dcxcv
595 4480 752 4566 Ἀργείοισι
768 4485 845 4545 κατὰ
865 4485 1013 4567 κρατερὰς
1032 4483 1168 4564 ὑσμίνας.

268 4658 300 4718 et
319 4653 389 4737 ipse
406 4652 545 4717 Achiles
566 4652 607 4716 ab
618 4652 854 4734 Agamemnone
875 4652 955 4735 petit
975 4657 1010 4716 ut
1032 4652 1201 4717 exercitum
1228 4654 1271 4719 ad
1292 4675 1429 4738 pugnam
1452 4654 1563 4720 adhor-

267 4766 449 4841 teturXIX
468 4768 516 4850 68,
536 4768 571 4831 9:
1475 4774 1476 4777 ’
