4000 5700
1056 493 1092 556 12

428 640 562 724 primam
580 640 691 705 ineunt
708 659 858 725 pugnam,
876 660 981 706 coram
1000 640 1033 705 in
1052 640 1229 726 principum
1242 639 1422 725 praesentia
1436 638 1614 702 11406-10
1632 653 1724 701 sacra

428 755 506 820 facit
525 755 558 818 Il
578 757 646 820 411.

703 877 800 931 τοῖσιν
820 870 847 930 δ”
866 865 1029 950 εὐχόμενος
1047 868 1164 952 μετέφη
1182 869 1288 952 κρείων
1309 866 1502 952 Ἀγαμέμνων

420 1019 461 1084 'et
485 1039 556 1084 cum
575 1020 689 1086 Graeci
716 1028 748 1087 et
776 1022 905 1088 Troiani
932 1022 1042 1088 foedus
1066 1022 1159 1088 ferire
1190 1021 1332 1104 student,
1359 1021 1513 1087 sacrificia
1539 1022 1608 1106 ipse
1635 1039 1723 1104 pera-

426 1133 475 1216 git
497 1134 544 1197 ΠΙ
565 1136 710 1199 271-3:

671 1283 828 1370 Ἀτρείδης
843 1288 876 1351 δὲ
896 1287 1101 1372 ἐρυσσάμενος
1119 1289 1250 1372 χείρεσσι
1271 1289 1427 1368 μάχαιραν

676 1377 696 1465 ἦ
716 1383 744 1446 αἱ
763 1387 825 1470 ndo
846 1387 948 1470 ξίφεος
973 1386 1049 1469 μέγα
1068 1386 1191 1449 κουλεὸν
1210 1385 1271 1447 αἰὲν
1290 1380 1394 1466 ἄωρτο

675 1480 779 1565 α’ρνῶν
797 1485 828 1546 ἐκ
846 1484 1000 1568 κεφαλέων
1013 1484 1106 1566 τάμνε
1127 1485 1231 1570 τρίχας
1248 1509 1274 1547 κ.
1292 1509 1319 1546 τ.
1342 1487 1369 1546 λ.

507 1634 588 1698 Tum
607 1634 777 1700 verisimile
802 1640 867 1719 est,
892 1635 1078 1701 sacrificium
1103 1635 1262 1720 publicum
1288 1634 1387 1699 fuisse
1411 1635 1444 1698 in
1468 1632 1566 1698 lliade
1600 1652 1724 1698 enarra

430 1752 508 1830 tum,
534 1748 568 1813 in
595 1768 656 1832 quo
676 1749 794 1815 (lineus
819 1749 1012 1834 Calydonius
1035 1771 1091 1815 rex
1108 1751 1232 1815 Dianae
1258 1749 1373 1815 oblitus
1402 1749 1514 1824 ceteris
1540 1748 1602 1814 diis
1629 1753 1724 1829 atque

430 1862 549 1929 deabus
568 1865 681 1932 messis
701 1886 792 1932 sacra
812 1862 974 1948 (θαλύσια)
994 1867 1072 1932 f'acit
1092 1867 1140 1932 lX
1162 1868 1306 1930 534-6:

1120 2010 1260 2098 Ἄρτεμις

626 2112 791 2197 χωσαμένη
812 2108 830 2175 ὅ
857 2112 884 2176 oi
905 2108 971 2176 οὔτε
995 2110 1131 2176 θαλύσια
1152 2117 1252 2200 γουνῷ
1274 2111 1375 2196 ἀλωῆς

630 2212 735 2285 obem
755 2209 833 2295 ῥέξ’·
860 2206 945 2273 ἄλλοι
964 2210 997 2274 δι’
1017 2212 1084 2274 θεοὶ
1105 2211 1244 2274 δαίνυνθ’
1273 2208 1453 2293 ἑκατόμβας,

628 2308 676 2394 σξη
700 2310 727 2371 d'
750 2308 804 2372 οὐκ
826 2308 922 2394 ἔρρεξε
940 2310 1021 2384 Διὸς
1041 2307 1137 2397 κούρῃ
1157 2306 1309 2393 μεγάλοιο.

509 2459 630 2538 Quibus
646 2459 808 2526 sacrificiis
825 2481 888 2526 non
903 2460 1084 2526 adiicienda
1105 2467 1178 2526 sunt
1199 2481 1290 2527 sacra
1310 2460 1482 2526 domestica
1502 2461 1569 2528 sive
1589 2459 1725 2544 privata.

430 2575 519 2642 Sicut
537 2595 630 2641 nemo
649 2576 715 2640 fere
734 2577 802 2643 sine
823 2575 976 2659 religione
994 2596 1064 2642 esse
1084 2582 1195 2661 potest,
1214 2577 1336 2660 antiqui
1358 2576 1482 2662 populi,
1518 2575 1571 2658 qui
1593 2575 1724 2641 aberant

430 2696 580 2757 anostra
599 2691 743 2776 scientia,
762 2698 794 2757 et
814 2691 960 2776 precibus
980 2697 1013 2758 et
1032 2691 1194 2757 sacrificiis
1210 2711 1339 2757 necesse
1351 2690 1486 2756 estdeos
1506 2691 1639 2756 inomni
1659 2691 1720 2756 vita

430 2826 553 2892 semper
572 2806 634 2873 sibi
655 2807 823 2873 concidam
845 2805 1012 2873 studuisse.
1054 2807 1164 2891 ltaque
1185 2799 1360 2873 sexcenties
1381 2805 1535 2873 sacrificia
1552 2806 1586 2871 in
1597 2805 1724 2875 Homeri

429 2922 620 2988 carminibus
641 2928 869 2988 enumerantur.
909 2922 1014 3001 Quare
1034 2923 1118 3007 regis
1138 2923 1224 2988 Pelei
1246 2922 1447 3004 sacrificium,
1474 2922 1528 3005 qui
1554 2920 1653 2985 filium
1675 2940 1725 2987 cc

429 3038 586 3103 cissimum
606 3020 677 3103 curn
696 3038 797 3104 amico
820 3037 947 3103 Troiam
965 3038 1062 3104 mittit
1083 3039 1143 3119 (IX
1154 3038 1325 3119 772-790)
1346 3043 1379 3102 ct
1397 3037 1541 3102 Nestoris
1561 3056 1631 3103 cum
1651 3035 1726 3101 filiis

429 3152 515 3218 domi
539 3158 699 3237 peractum
719 3155 753 3236 3,
777 3154 879 3215 418-
893 3154 931 3215 29
957 3173 1020 3217 non
1048 3158 1113 3217 tam
1139 3153 1260 3237 regium
1282 3156 1329 3217 est
1351 3171 1445 3235 quam
1458 3152 1557 3236 patris
1577 3151 1724 3217 familias.

430 3268 542 3349 Neque
560 3272 666 3332 tamen
683 3268 809 3333 omnino
830 3287 900 3333 cunr
921 3267 1154 3351 Schoemanno‚
1182 3268 1236 3350 qui
1256 3265 1453 3332 sacrificandi
1472 3286 1583 3333 munus
1598 3266 1726 3349 regibus

431 3380 601 3447 secundum
618 3381 817 3447 Aristotelem
838 3389 959 3448 tantum
978 3382 1100 3465 tribuit,
1118 3402 1224 3466 regem
1245 3381 1377 3448 dicimus
1398 3401 1489 3447 sacra
1510 3382 1638 3466 publica
1657 3400 1725 3466 per-

430 3516 524 3581 agere
550 3497 660 3563 eodem
686 3495 779 3563 modo
805 3518 866 3581 quo
893 3497 1083 3562 familiarum
1110 3502 1200 3581 pater
1230 3496 1367 3563 familias
1388 3497 1544 3581 peregerit
1565 3496 1631 3579 (Gr.
1652 3498 1724 3562 Ant.

430 3633 462 3696 p.
480 3613 541 3693 33.)
582 3612 680 3677 Immo
700 3632 775 3677 vero
794 3613 890 3693 etiam
912 3612 1067 3697 posterius
1087 3617 1226 3696 tempus,
1248 3631 1310 3694 quo
1329 3618 1470 3696 potestas
1490 3612 1580 3696 regia
1596 3612 1723 3699 saepius

430 3725 550 3792 afflicta
568 3733 644 3811 erat,
667 3728 727 3793 hoc
746 3747 867 3810 munus,
891 3727 973 3793 hanc
993 3726 1184 3810 dignitatem
1203 3726 1330 3810 regibus
1350 3727 1514 3791 servavit⁸
1546 3790 1552 3805 ,

509 3843 619 3926 Neque
636 3842 702 3908 alia
721 3863 771 3907 res
793 3848 840 3908 est
860 3841 946 3927 apud
962 3843 1118 3907 Romanos
1135 3841 1328 3922 (Mommsen,
1347 3841 1454 3927 Roem.
1467 3842 1579 3907 Gescb.
1594 3842 1632 3906 ll.
1643 3841 1724 3908 Aufl.

432 3962 458 4021 1.
476 3956 535 4021 Bd.
556 3978 587 4041 p.
607 3959 689 4039 227.)
730 3957 818 4036 Quae
837 3977 915 4040 res,
932 3957 1085 4040 exemplis
1106 3956 1278 4022 carminum
1298 3936 1523 4021 homericorum
1544 3977 1625 4039 quae
1645 3963 1724 4022 attu-

429 4073 522 4138 limus
542 4073 724 4157 perspectis,
743 4072 827 4137 haud
849 4070 944 4137 dubie
965 4071 1099 4155 probant
1120 4076 1237 4136 rectam
1257 4090 1326 4136 esse
1339 4071 1517 4137 Aristotelis
1538 4074 1724 4138 sententiam

430 4208 470 4255 ex
504 4207 568 4271 qua
598 4187 725 4271 regibus
749 4206 862 4252 munus
890 4167 1048 4252 sacrorum
1087 4187 1210 4247 θυσιῶν
1247 4178 1317 4247 ὅσαι
1347 4187 1392 4267 μὴ
1426 4184 1570 4269 ἱερατικαί
1598 4194 1647 4253 est
1672 4188 1725 4253 tri·

429 4302 596 4370 buendum.

500 4534 512 4563 ⁸
534 4529 590 4581 Vid.
609 4529 639 4580 Ε.
659 4528 726 4582 Gnrt.
751 4546 789 4596 gr.
813 4531 1013 4583 Gesch.1252.
1038 4531 1069 4582 K.
1086 4530 1113 4581 F.
1131 4531 1271 4591 Hermann,
1296 4529 1386 4581 Lchrb.
1414 4530 1459 4580 der
1484 4545 1520 4595 gr.
1544 4530 1725 4583 Stcatsclterth.

432 4620 506 4677 1841,
523 4617 547 4684 ὃ.
566 4622 581 4668 5
600 4617 647 4669 snb
665 4618 737 4669 finem
755 4620 797 4669 Nr.
821 4623 850 4669 11
870 4623 896 4671 et
910 4618 935 4685 §-
952 4623 987 4670 56
1005 4617 1053 4670 sub
1072 4618 1144 4669 finem
1162 4619 1205 4671 Nr.
1227 4622 1256 4677 93
1284 4616 1374 4683 quibus
1393 4617 1456 4669 locis
1479 4616 1510 4668 ab
1530 4616 1671 4671 Hermanno
1689 4622 1725 4671 ci-

429 4706 489 4755 tatis
506 4705 653 4756 Herodoteis
671 4704 756 4756 confer
777 4708 945 4758 annotationes
972 4721 1035 4772 quas
1053 4722 1112 4757 suae
1134 4705 1238 4757 editioni
1256 4706 1287 4757 Η.
1307 4704 1377 4756 Stein
1396 4705 1488 4758 adiecit
1506 4707 1561 4758 Her.
1584 4710 1658 4759 1857.
1677 4711 1724 4761 im-

429 4794 516 4862 punc
534 4792 569 4847 ιε
586 4792 679 4847 uum
693 4792 731 4847 εν
750 4810 804 4862 up.
823 4798 882 4847 ιιι.
