4000 5700
1075 474 1113 536 to

450 623 499 688 nis
519 622 661 708 potentia
680 622 755 687 olim
775 621 928 688 latissime
947 621 1067 706 patuit,
1092 621 1180 686 cuius
1203 641 1243 686 ex
1272 622 1396 689 nomine
1422 623 1532 706 gentili
1559 625 1663 690 insula
1692 647 1742 693 no-

449 760 520 805 men
542 738 633 804 duxit
654 758 752 821 usque
774 737 816 803 ad
835 744 974 804 nostrum
992 742 1124 821 tempus.
1165 737 1336 822 Pelopidae
1357 744 1462 804 autem
1483 758 1605 822 semper
1624 741 1743 824 magni-

449 854 567 920 tudinis
590 874 716 920 oausem
743 852 944 938 protulerunt.
985 851 1127 920 Fabulae
1154 852 1237 918 euim
1263 852 1500 934 antiquissimae
1527 859 1621 935 atque
1646 873 1745 920 rerum

448 970 536 1035 lama
557 968 763 1035 clarissimam
783 968 912 1050 stirpem
934 966 1054 1050 regiam
1077 986 1116 1031 ex
1136 967 1214 1032 Asia
1236 966 1354 1032 ducunt
1375 967 1520 1050 (Preller,
1544 968 1597 1033 Gr.
1617 968 1744 1051 Mythol.

450 1085 490 1148 11.
513 1083 594 1149 Aull.
622 1082 719 1148 2Bd.
740 1104 771 1166 p.
794 1084 869 1163 373,
897 1083 972 1165 382,
1000 1072 1053 1163 3.)
1083 1082 1285 1166 Thucydides
1313 1083 1392 1148 haec
1419 1083 1432 1146 l
1461 1104 1486 1149 c.
1508 1087 1541 1147 9:
1572 1082 1690 1166 λέγουσι
1716 1083 1772 1146 dt

447 1199 495 1260 καί
518 1197 545 1260 oi
565 1199 603 1260 ad
625 1197 804 1280 σαφέστατα
824 1198 1078 1279 Πελοποννησίων
1098 1195 1203 1281 μνήμη
1232 1198 1315 1279 παρὰ
1336 1200 1398 1259 τῶν
1418 1195 1566 1280 πρότερον
1582 1197 1747 1280 δεδεγμένοι

450 1310 577 1375 Πίλοπιί
596 1336 626 1374 τι
651 1315 774 1394 πρῶτον
794 1309 903 1393 πλήθει
923 1308 1108 1393 χρημάτων,
1139 1299 1272 1372 tileo
1292 1313 1322 1374 ἐκ
1344 1316 1399 1394 τῆς
1415 1310 1519 1385 Ἀσίας
1541 1311 1620 1392 ἔχων
1645 1313 1675 1385 ἐς
1696 1311 1748 1374 ἀν·
1862 1295 1863 1332 ³

452 1429 601 1511 θρώπους
633 1423 782 1508 ἀπόρους,
820 1423 949 1506 δύναμιν
979 1423 1248 1509 περιποιησάμενον
1273 1429 1329 1508 τὴν
1355 1427 1528 1506 ἐπωνυμίαν
1560 1431 1616 1510 τῆς
1642 1423 1749 1510 χώρας

450 1540 597 1626 ἓπηλιίτην
632 1538 706 1605 ὄντα
737 1537 823 1622 ὅμως
859 1551 956 1625 σχεῖν,
979 1541 1027 1603 κοί
1054 1535 1181 1620 ὕστερον
1212 1549 1275 1614 τοῖς
1304 1539 1434 1624 ἐκγόνοις
1472 1539 1513 1604 ἔτι
1541 1543 1633 1622 μείζω
1667 1545 1748 1617 ξυνι-

452 1660 606 1738 νιχθῆναι.

531 1775 642 1856 Neque
663 1775 766 1839 minus
786 1793 864 1838 vasa
893 1773 996 1856 picta,
1022 1792 1062 1837 ex
1075 1761 1077 1773 ⁴
1090 1791 1151 1854 quo
1178 1777 1316 1855 tempore
1336 1772 1482 1838 Pa1idem
1503 1773 1687 1840 Asiaticum
1700 1795 1751 1840 ex-

450 1889 603 1974 primunt,
628 1910 667 1954 ex
696 1909 733 1953 eo
753 1888 902 1972 Pelopem
930 1887 1084 1970 praebent
1111 1886 1211 1952 virum
1233 1887 1401 1952 iuvenilem
1428 1887 1607 1972 pulchrum,
1635 1890 1750 1955 Asiati-

453 2024 531 2068 cum.
572 2005 622 2068 De
642 2003 763 2067 divitiis
781 2009 884 2068 autem
905 2002 1034 2068 huiusce
1055 2001 1194 2066 tamiliae
1215 2002 1321 2085 regiae
1343 2023 1405 2066 non
1426 2002 1525 2068 solum
1547 2003 1752 2089 Thucydides

450 2124 572 2200 namet,
608 2116 664 2182 sed
692 2118 788 2181 etiam
811 2117 914 2181 famae
942 2135 1005 2180 non
1038 2117 1164 2198 ignotus
1196 2123 1243 2182 est
1283 2137 1337 2181 rex
1362 2114 1570 2199 πολυχρύσοιο
1601 2114 1752 2205 Μυκήνης

394 2290 398 2296 .
451 2232 748 2315 (adamavit
776 2231 992 2313 1803X146.
1033 2229 1165 2312 Preller‚
1193 2231 1224 2294 ll
1258 2251 1288 2314 p.
1317 2225 1751 2314 augustamnicae

451 2347 552 2428 Gurt,
571 2347 624 2413 Gr.
646 2347 759 2413 Geseh.
783 2347 796 2410 l
817 2347 898 2426 381.)

532 2461 633 2540 Quam
655 2461 695 2526 ob
713 2481 840 2526 eausam
868 2461 985 2526 famam
1011 2481 1118 2526 veram
1145 2480 1213 2525 esse
1237 2466 1399 2544 putamus,
1427 2482 1467 2526 ex
1495 2482 1557 2544 qua
1578 2462 1753 2548 Pelopidae

452 2575 611 2661 principes
629 2575 802 2660 Phrygiae,
830 2577 918 2641 cuius
939 2583 1040 2642 terrae
1061 2576 1206 2658 religioni
1232 2596 1367 2658 magnae
1394 2575 1486 2641 deum
1504 2578 1614 2642 matris
1637 2579 1752 2642 Tanta-

453 2692 517 2756 lum
539 2691 736 2756 ooniunotum
761 2690 905 2756 videmus
929 2693 977 2772 (u.
1000 2692 1139 2773 Curtius,
1167 2692 1219 2758 Gr.
1241 2691 1354 2757 Gesch.
1381 2692 1393 2753 l
1417 2693 1476 2771 77.)
1500 2697 1572 2754 sunt
1603 2691 1750 2772 habendi,

453 2807 506 2890 qui
527 2808 636 2872 Asiam
657 2807 838 2873 deserentes
858 2806 964 2873 Pisam
982 2806 1162 2873 Alidensem
1183 2812 1430 2891 occupaverunt,
1458 2813 1569 2891 postea
1588 2828 1666 2875 vero
1689 2810 1750 2895 pla

452 2923 563 2986 nitiem
583 2924 736 3006 Argorum
757 2943 827 2987 oum
847 2924 923 2988 urbe
942 2929 975 2988 et
1001 2943 1073 2989 aree
1095 2923 1235 3007 Mycenis
1257 2922 1393 3002 (Curtius
1414 2921 1497 3001 al.)
1538 2922 1597 2987 Cui
1621 2926 1670 2991 rei
1692 2946 1753 2991 ma-

453 3038 570 3103 ximum
591 3043 780 3102 momentum
800 3038 997 3103 tribuendum
1026 3044 1082 3103 est.
1123 3035 1327 3121 Thucydides
1356 3036 1438 3100 enim
1465 3045 1652 3103 narraverat
1686 3061 1755 3106 oum

453 3152 578 3235 magnis
599 3150 719 3217 divitiis
739 3152 886 3235 Pelopem
909 3173 947 3218 ex
972 3154 1047 3217 Asia
1074 3152 1208 3216 venisse.
1249 3152 1385 3234 Magnae
1407 3157 1511 3216 autem
1533 3150 1672 3220 divitiae
1693 3155 1756 3219 illis

454 3268 647 3358 temporibus
668 3268 825 3333 Asiaticos
845 3267 978 3352 populos
1000 3268 1188 3333 Graecorum
1209 3266 1457 3349 consanguineos
1478 3266 1541 3331 iam
1564 3268 1756 3335 eruditiores

454 3384 551 3448 fuisse
577 3404 671 3466 quam
689 3384 826 3449 Graecos
853 3402 1018 3467 germanos
1046 3382 1188 3467 probant.
1230 3382 1277 3446 Eo
1304 3402 1366 3446 non
1396 3382 1495 3447 solum
1521 3382 1658 3450 divitiae
1687 3403 1755 3468 spe-

455 3503 542 3562 ctant
564 3497 620 3563 sed
640 3498 735 3563 etiam
754 3498 844 3581 ipsae
864 3502 1008 3563 ruinosae
1028 3499 1187 3583 Mycenae.
1229 3498 1355 3561 Portam
1375 3497 1458 3562 euim
1473 3504 1536 3581 'per
1557 3484 1656 3581 quam
1671 3501 1756 3583 Aga·
1822 3509 1824 3516 “

454 3633 576 3677 memno
599 3613 684 3678 velut
704 3612 899 3696 triumphans
919 3614 952 3677 in
973 3613 1089 3679 bellum
1110 3614 1280 3678 Troianum
1303 3618 1351 3677 est
1371 3618 1535 3697 provectus
1557 3614 1663 3699 (Geli,
1684 3617 1757 3681 Pro-

454 3727 605 3793 besttiche
619 3728 676 3792 der
697 3727 937 3793 St'adtemauern
958 3727 1015 3793 des
1041 3728 1126 3793 alten
1142 3727 1390 3795 Griechenlands
1412 3729 1481 3794 Tal'.
1505 3730 1597 3811 Vlll,
1628 3731 1757 3796 Erkltir.

360 3907 362 3910 .
455 3863 486 3926 p.
510 3845 570 3919 17.)
594 3862 747 3907 marmore
768 3842 862 3907 viridi
885 3841 946 3908 duo
973 3843 1079 3908 leones
1106 3850 1237 3907 tuentur.
1279 3845 1401 3910 Leones
1428 3851 1532 3910 autem
1553 3845 1666 3911 Rheae
1690 3848 1760 3913 sive

455 3957 593 4042 Cybelae
613 3978 675 4022 non
696 3958 795 4023 solum
818 3958 917 4023 sancti
938 3964 1019 4040 sunt,
1041 3957 1096 4023 sed
1117 3959 1212 4023 etiam
1232 3959 1339 4025 leones
1358 3966 1467 4044 portae
1483 3960 1633 4026 custodes
1645 3962 1758 4029 Orien-

455 4072 496 4136 tis
523 4077 674 4137 terrarum
694 4072 812 4155 proprii
841 4078 914 4137 suut
941 4071 1088 4136 habendi.
1135 4074 1245 4155 Neque
1272 4074 1375 4139 miuus
1403 4074 1527 4139 leonum
1554 4094 1694 4159 corpora
1718 4076 1760 4142 ob

456 4192 554 4252 artem
582 4188 765 4252 statuariam
795 4187 923 4253 orientis
952 4193 1059 4271 partes
1095 4188 1285 4271 profitentur.
1326 4189 1523 4271 Assyriorum
1554 4190 1643 4255 euim
1679 4212 1762 4257 uasa

456 4322 556 4367 aenea
581 4309 613 4368 et
639 4323 688 4368 res
714 4303 855 4369 caelatae
883 4303 1035 4368 animalia
1069 4303 1283 4369 demonstrant
1316 4303 1497 4387 corporibus
1524 4304 1649 4387 longiS,
1680 4327 1761 4391 quos

455 4416 581 4499 quidem
601 4417 707 4482 leones
727 4417 801 4483 lieet
821 4411 943 4500 vocare,
964 4438 1066 4502 neque
1088 4424 1192 4483 tamen
1213 4420 1279 4483 veri
1302 4425 1382 4501 sunt,
1403 4420 1520 4504 quippe
1542 4418 1595 4501 qui
1616 4440 1686 4486 non
1705 4443 1760 4487 na-

454 4538 556 4596 turam
581 4539 750 4614 sequantur
774 4532 830 4599 sed
859 4554 898 4598 ex
924 4539 1072 4599 consueto
1105 4554 1190 4599 more
1224 4554 1244 4597 a
1271 4533 1494 4617 posterioribus
1521 4532 1660 4619 tradito,
1698 4538 1764 4603 sint

454 4647 539 4711 faeti.
578 4648 682 4730 Atque
710 4648 820 4712 eadem
842 4648 993 4712 animalia
1021 4649 1118 4713 nostri
1145 4647 1251 4712 leones
1279 4654 1358 4712 sunt.
1380 4630 1382 4637 ¹
1401 4624 1552 4714 Columna
1578 4655 1694 4717 autem
1722 4689 1763 4701 -

454 4761 611 4827 reiieimus
631 4762 714 4842 euim
733 4763 899 4828 multorum
918 4764 1054 4829 virorum
1075 4764 1226 4831 clarorum
1253 4762 1363 4861 doctas
1382 4762 1544 4833 columnae
1565 4763 1763 4853 iuterpreta-
