4000 5700
1034 515 1097 596 Ιιο

508 655 512 660 ⁴
550 658 553 663 ’
628 658 711 734 Αἴας
730 659 787 743 γάρ
806 657 890 740 μάλα
909 658 1026 734 πάντας
1046 657 1180 746 ἐπῴχετο
1201 661 1298 722 πολλοὶ
1318 658 1443 724 κελεάων
1463 686 1479 721 ν
1495 709 1502 722 .
1525 707 1532 721 .
1556 707 1562 720 .
1585 707 1591 720 .

628 752 696 819 odra
716 758 783 820 τινοὶ
802 755 1021 841 προμάχεσθαι
1039 755 1172 838 Ἀχαιῶν
1195 755 1306 837 ἔξοχον
1326 753 1426 820 άλλων

601 921 604 926 ,
624 851 700 932 itta
717 851 789 935 μάλ’
812 852 889 939 ἀμφ’
909 852 994 941 αὐτῷ
1010 852 1151 936 βεβάμεν,
1175 851 1323 935 σχεδόθεν
1343 854 1375 942 δέ
1394 851 1559 936 μάχεσθαι.

628 945 671 1024 ὥς
690 950 774 1025 Αἶας
795 950 924 1015 ἐπέτελλε
945 948 1091 1036 πελιδρὶος
1112 977 1138 1015 κ.
1161 978 1187 1015 τ.
1203 956 1228 1016 λ.

427 1135 479 1202 Ad
500 1156 595 1220 quom
613 1156 679 1202 rem
695 1139 799 1220 quarti
818 1155 941 1221 quoque
963 1138 1074 1207 Iliadis
1094 1139 1167 1206 libri
1188 1159 1296 1206 versus
1316 1140 1495 1220 tac-421,
1517 1138 1613 1202 totius
1629 1137 1725 1220 igitur

427 1251 500 1317 libri
521 1271 596 1335 pars
609 1271 690 1334 qnae
702 1258 831 1320 vocatur
837 1249 1069 1335 Ἀγαμέμνονος
1082 1250 1270 1337 ε’πιπιλλησις,
1292 1258 1445 1338 spectant,
1461 1252 1515 1318 ubi
1529 1253 1724 1336 Agamemno

331 1364 333 1367 ’
428 1365 617 1430 Achivorum
637 1372 779 1432 catervas
793 1367 869 1450 obit,
889 1368 1050 1434 Idomenei
1071 1369 1265 1434 alacritatem
1278 1368 1421 1450 laudans,
1441 1367 1558 1450 Aiacis,
1581 1366 1724 1432 Nestoris

427 1479 559 1544 aliorum
587 1486 622 1545 ut
641 1481 815 1546 Menesthei
835 1483 938 1548 Ulixis
959 1482 1123 1565 Diomedis
1144 1483 1372 1568 cunctationem
1392 1480 1632 1568 reprehendens.

507 1595 572 1660 Sed
592 1596 660 1661 sine
681 1595 776 1662 dubio
797 1596 875 1663 fines
895 1598 1024 1681 hujusce
1042 1598 1178 1664 muneris
1194 1598 1274 1684 regii
1293 1599 1326 1662 in
1350 1597 1432 1663 bello
1450 1597 1490 1662 ob
1511 1616 1581 1661 eam
1601 1615 1724 1678 quoque

430 1731 558 1801 causam
578 1711 731 1776 latissime
751 1717 917 1796 patuerunt
939 1712 1022 1794 quod
1051 1712 1084 1776 in
1105 1712 1198 1777 rebus
1220 1713 1341 1779 bellicis
1363 1711 1506 1778 omnibus
1531 1710 1723 1794 temporibus

427 1817 567 1890 maxima
586 1825 635 1890 vis
655 1846 694 1891 ac
713 1825 882 1910 disciplina
903 1806 1082 1892 necessaria
1104 1827 1171 1891 l'uit.
1213 1827 1314 1906 Quam
1340 1827 1379 1892 ob
1406 1845 1471 1892 rem
1492 1845 1554 1890 non
1578 1823 1724 1888 miremur

428 1939 512 2023 quod
532 1917 717 2006 Aristoteles
735 1941 963 2024 Agamemnoni
983 1942 1069 2006 vitae
1090 1941 1237 2024 necisque
1256 1943 1321 2008 vim
1339 1941 1447 2006 tribuit
1467 1959 1561 2021 quam
1578 1939 1640 2022 ipsi
1660 1959 1723 2003 non

427 2054 604 2119 invenimus
626 2054 712 2139 apud
727 2056 907 2120 Homerum.
927 2044 1112 2121 Aristoteles
1137 2062 1241 2124 antem
1268 2057 1346 2122 baec
1365 2055 1496 2120 Pollll.
1520 2056 1548 2117 9.
1571 2056 1605 2116 2:
1627 2050 1644 2113 ὁ
1665 2053 1722 2135 γάρ

421 2165 619 2250 Ἀγαμέμνων
638 2171 737 2243 κακῶς
757 2164 954 2249 μέν’άκοάων
979 2165 1110 2251 ἠνείχετο
1134 2170 1165 2232 ἐν
1183 2179 1249 2244 ταῖς
1277 2170 1455 2253 ἐκκλησίαις,
1482 2163 1669 2243 ἐξελθόντων
1690 2167 1723 2230 δέ

424 2284 472 2344 καὶ
491 2290 599 2346 κτεῖναι
619 2279 723 2367 κάριος
750 2272 809 2366 ήν·
830 2283 902 2366 λέγει
929 2286 1003 2366 γοῦν

658 2445 770 2512 Ὂνδέ
788 2456 816 2511 κ’
837 2416 915 2533 dyeia
930 2446 1085 2512 ἀπάνευθε
1105 2451 1265 2533 μάχης-
1286 2491 1324 2500 —
1346 2491 1385 2502 -·
1408 2449 1444 2517 οὔ
1465 2455 1492 2518 οἱ

658 2542 779 2629 ’Άρκιον
798 2547 926 2611 ἐσσεῖται
947 2548 1066 2631 φαγέειν
1083 2545 1175 2622 κάνας
1194 2546 1240 2630 ἠδ’
1264 2548 1403 2624 οἰωνοάς·

664 2646 738 2728 Πάρ
761 2645 818 2729 γάρ
840 2647 907 2727 ἐμοὶ
927 2642 1073 2720 θάνατος.

425 2837 507 2900 quae
526 2818 645 2886 eisdem
665 2818 732 2886 fere
742 2819 848 2885 verbis
864 2819 998 2903 legimus
1010 2819 1044 2885 in
1055 2818 1164 2885 Iliadis
1176 2819 1255 2885 libro
1269 2819 1298 2885 ll
1318 2821 1372 2884 391
1385 2822 1450 2885 -3
1470 2822 1619 2889 ommissu
1631 2842 1722 2890 versu

875 2968 937 3052 πάρ
959 2967 1017 3051 γάρ
1039 2967 1105 3048 ἐμοὶ
1125 2964 1272 3041 θάνατος.

506 3141 615 3223 [taque
639 3140 825 3225 Diomedes,
857 3142 911 3224 qui
940 3141 974 3205 in
999 3141 1145 3206 contione
1169 3140 1369 3206 vehementer
1392 3142 1426 3207 in
1452 3143 1721 3226 Agamemnonem

425 3254 591 3337 invehitur,
611 3255 691 3320 nihil
705 3256 772 3339 regi
793 3256 896 3340 ipsum
916 3255 1107 3339 vituperanti
1128 3256 1297 3339 respondet
1313 3256 1357 3321 IV
1377 3260 1446 3337 401,
1466 3260 1499 3321 2:

636 3428 641 3438 ’
723 3403 778 3466 τδν
798 3405 824 3465 δ’
844 3399 909 3466 odor
928 3403 1068 3488 προσέφη
1086 3405 1231 3488 κρατερδς
1254 3402 1414 3489 Διομήδης

723 3500 873 3574 αλδεσθεὶς
892 3504 1040 3584 βασιλῆος
1060 3501 1161 3583 ἐνιπήν
1181 3502 1316 3565 αἰδοίοιο.

504 3671 651 3736 Attamen
678 3670 852 3735 cavendum
876 3669 954 3734 mihi
982 3667 1121 3769 videtur,
1153 3689 1193 3733 nc
1216 3690 1286 3735 oum
1312 3672 1505 3739 Lessmanno
1527 3674 1720 3739 celerrimam

426 3786 531 3851 Ulixis
547 3785 700 3875 iustitiam
716 3803 779 3868 qua
800 3785 925 3871 plebem
947 3790 1070 3869 sceptro
1090 3785 1223 3867 percutit
1244 3786 1274 3849 ll
1296 3788 1361 3867 198,
1381 3788 1415 3849 9:
1726 3778 1737 3795 “

643 3946 679 4013 δν
697 3952 724 4011 δ
745 3939 907 4032 αάδήμοο
928 3950 954 4011 τ’
975 3945 1072 4032 άνδρα
1091 3947 1150 4012 ἔδοι
1168 3948 1311 4029 βοοιάντά
1331 3954 1357 4013 τ’
1377 3950 1507 4036 ἐφεύροι,

643 4050 698 4111 τδν
718 4044 861 4133 σκήπτρῳ
883 4043 1044 4109 ἐλάσασκεν
1061 4044 1272 4130 ὁμοκλήσασκέ
1291 4074 1321 4112 τε
1338 4048 1434 4136 μύθῳ

423 4218 484 4283 huc
505 4218 661 4301 pertinere
685 4220 838 4300 putemus,
859 4234 933 4278 nam
950 4233 1053 4279 rerum
1074 4215 1266 4297 perturbatio
1287 4236 1413 4301 prorsus
1432 4219 1536 4285 aliena
1556 4226 1604 4285 est
1623 4222 1720 4286 etiam

424 4334 551 4398 arebus
571 4331 693 4397 bellicis
711 4330 914 4411 (Lessmann,
934 4329 974 4395 de
994 4328 1150 4413 dignitate
1169 4332 1272 4415 regia,
1293 4333 1396 4414 qualis
1416 4334 1586 4400 secundnm
1605 4335 1719 4401 Home-

424 4469 491 4512 rum
518 4447 620 4530 viguit
645 4450 749 4510 aetate
773 4444 940 4510 homerica.
966 4444 1100 4510 Paderb.
1113 4447 1212 4528 1828.)
1233 4448 1399 4514 Praeterea
1417 4450 1570 4534 Hnmpert
1592 4448 1719 4533 quidem

426 4562 479 4644 (de
500 4563 628 4628 civitate
642 4560 817 4643 Homerica,
836 4560 926 4625 Bonn
949 4562 1039 4642 1839)
1059 4581 1167 4646 regum
1188 4564 1346 4647 proprium
1367 4584 1437 4630 esse
1457 4564 1536 4629 dicit
1562 4570 1718 4631 certamen

425 4677 583 4761 suscipere
605 4676 775 4759 singulare,
791 4676 934 4761 exemplo
955 4681 1046 4742 utens
1066 4677 1100 4741 ll.
1117 4677 1190 4742 libri
1207 4671 1275 4744 Vll.
1330 4680 1370 4745 At
1391 4680 1445 4745 illo
1466 4680 1535 4747 loco
1554 4700 1718 4763 nonreges

424 4792 563 4860 existunt
583 4797 618 4858 ut
636 4798 779 4877 pugnent
797 4797 905 4859 contra
921 4791 1097 4873 Hectorem,
1117 4791 1174 4857 sed
