4000 5700
1075 488 1112 550 li

868 634 923 696 νῦν
941 621 1019 695 αδτέ
1035 657 1089 713 μιν
1109 626 1169 706 a&
1188 631 1320 715 Ἀχαιῶν

696 726 727 788 ἐν
752 723 896 812 παλάμῃς
915 726 1062 811 φορέουσι
1084 727 1272 806 δικασπόλοι,
1297 731 1356 793 οἵτε
1377 727 1529 810 θέμιστας

696 825 775 907 πρδς
793 822 873 897 Διδς
890 821 1023 907 εδράαται

448 993 507 1041 nec
526 974 638 1040 XXIII
657 993 737 1039 vers.
755 975 825 1056 513,
843 977 876 1038 4:

687 1121 750 1185 ἀλλ’
771 1119 848 1206 ἄγετ’
862 1121 1005 1208 Ἀργείων
1029 1121 1173 1208 ἡγήτορες
1198 1122 1252 1207 ήδέ
1271 1124 1413 1207 μέδοντες

685 1220 715 1294 ές
735 1219 830 1301 μέσον
844 1218 1050 1306 -άμιγοτέροισι
1071 1219 1239 1300 δικάσσατε,
1260 1223 1331 1303 μηδ’
1353 1224 1396 1285 ἐπ’
1418 1221 1523 1309 άρωγῇ

449 1372 584 1455 probant
606 1390 697 1454 reges
727 1375 848 1436 tantum
881 1391 951 1437 esse
988 1372 1226 1456 intelligendos,
1257 1373 1340 1455 quod
1375 1375 1525 1457 primores
1559 1377 1743 1459 saepissime

449 1483 593 1570 ἡγήτορες
613 1482 667 1568 bit
685 1484 827 1566 μέδοντες
846 1487 1054 1552 nominantur.
1095 1487 1179 1552 Viris
1199 1487 1314 1553 deinde
1340 1488 1496 1554 iudicibus
1519 1490 1659 1575 luppiter
1684 1492 1743 1556 ira-

449 1602 561 1685 scitur,
576 1603 630 1686 qui
651 1601 730 1668 falso
749 1622 799 1668 res
819 1601 996 1668 diiudicant
1005 1601 1066 1667 XV
1077 1603 1222 1666 ees-8:

648 1743 802 1824 Zedc=dre
821 1746 858 1832 δή
877 1747 904 1836 ῥ’
924 1745 1066 1830 ἄνδρεσσι
1085 1749 1304 1832 κοτεσσάμενος
1324 1748 1478 1837 χαλεπήνῃ

646 1845 679 1910 οδ
693 1849 747 1934 βέῃ
770 1849 811 1910 εῖν
830 1845 927 1933 ἀγορῇ
948 1848 1070 1922 σκολιάς
1088 1848 1211 1933 κρίνωσι
1229 1849 1388 1931 θέμιστας,

649 1946 679 2008 ἔκ
697 1945 731 2008 δέ
754 1944 837 2028 δίκην
855 1941 995 2007 ἐλάσωσι.

530 2097 631 2175 Quam
651 2097 691 2162 ob
710 2115 837 2161 oausam
857 2115 897 2161 ex
917 2095 1095 2161 coniectura
1118 2101 1237 2160 tantum
1258 2095 1331 2161 licet
1351 2115 1459 2161 verum
1481 2097 1616 2179 assequi.
1684 2096 1745 2160 Ita-

451 2231 512 2295 que
531 2217 687 2296 putamus,
707 2230 748 2276 ex
770 2216 918 2276 consueto
937 2230 1023 2276 more
1047 2229 1136 2293 reges
1157 2211 1203 2274 ita
1225 2231 1259 2276 se
1276 2210 1402 2277 dedisse
1422 2210 1629 2277 iurisdietioni
1652 2216 1747 2294 atque

450 2327 559 2393 litibus
579 2324 793 2393 diiudicandis
821 2363 855 2372 -
890 2344 965 2390 nam
992 2325 1125 2390 crimina
1144 2346 1207 2391 non
1233 2325 1267 2390 iu
1295 2327 1455 2393 civitatem
1478 2326 1693 2392 cadebant-
1713 2332 1748 2390 ut

451 2460 523 2506 oum
545 2439 733 2524 primoribus
752 2440 942 2506 sententiam
964 2440 1141 2507 dicentibus
1164 2439 1389 2524 diiudicarent,
1419 2441 1473 2508 ubi
1494 2460 1544 2506 res
1565 2441 1747 2524 poscebant,

451 2555 511 2622 soli
538 2555 690 2641 primores
716 2554 814 2621 veluti
839 2555 908 2619 loeo
932 2555 1029 2620 citato
1055 2554 1168 2621 XXIII
1194 2557 1269 2638 573,
1298 2559 1317 2620 4
1344 2556 1411 2620 sive
1438 2556 1523 2620 solus
1549 2575 1605 2622 rex
1635 2555 1747 2621 XXIH

452 2673 528 2753 579,
561 2671 609 2735 80.

677 2770 703 2832 εἴ
720 2771 746 2832 δ’
766 2764 811 2854 άγ)
831 2768 907 2854 έγιδν
927 2767 1022 2844 αὕτδς
1043 2765 1158 2832 δικάσω
1177 2769 1229 2832 καί
1250 2771 1282 2851 μ’
1312 2753 1415 2859 οδτινά
1442 2759 1521 2857 (γήμι

678 2863 769 2931 ἄλλον
782 2865 950 2950 ἓττιττλήξειν
963 2870 1105 2945 Δαναῶν,
1128 2870 1206 2930 idria
1228 2870 1285 2951 γάρ
1307 2866 1400 2932 έσται.

532 3020 693 3085 Menelaus
711 3020 808 3105 igitur
827 3020 1069 3085 controversiam
1092 3040 1174 3102 quae
1201 3021 1283 3085 inter
1311 3020 1414 3103 ipsum
1444 3039 1549 3104 regem
1576 3025 1608 3084 et
1628 3018 1747 3083 Antilo-

454 3135 546 3201 chum
566 3141 675 3200 exorta
694 3141 751 3214 est,
772 3134 933 3206 diiudicat
975 3135 1098 3218 Regum
1110 3141 1214 3200 autem
1236 3134 1387 3199 iustitiam
1402 3134 1483 3199 inter
1502 3154 1638 3199 summos
1652 3133 1747 3198 hono-

454 3271 504 3316 res
526 3270 595 3315 esse
619 3249 760 3314 habitam
779 3250 907 3334 optima
934 3250 990 3314 illa
1011 3250 1148 3314 narratio
1169 3248 1308 3314 declarat
1336 3250 1409 3315 boni
1437 3250 1521 3333 regis
1540 3255 1654 3313 terram
1675 3249 1748 3314 bea-

453 3372 519 3430 tam
539 3364 721 3430 describens
745 3366 792 3448 19,
815 3366 993 3428 tosa-trs.

533 3479 598 3546 Sed
617 3480 680 3543 iam
700 3478 883 3561 diligentius
912 3478 1131 3563 exponendum
1161 3485 1208 3544 est
1235 3478 1275 3544 de
1302 3479 1489 3565 prImoribus
1516 3479 1749 3563 sive‘prinoipi-

455 3595 513 3661 bus
530 3613 608 3678 quos
625 3593 761 3658 vidimus
778 3614 841 3657 non
861 3614 930 3659 esse
951 3593 1161 3676 seiungendos
1183 3615 1203 3658 a
1223 3594 1366 3679 regibus.¹

534 3708 749 3774 Probaverant
766 3709 826 3774 loci
849 3729 926 3791 quos
946 3708 1115 3790 attulimus,
1137 3709 1294 3793 principes
1321 3729 1390 3774 cum
1412 3708 1538 3791 regibus
1568 3708 1617 3773 ius
1644 3707 1750 3772 dicere

452 3824 584 3889 tortasse
605 3824 723 3907 pariter
749 3843 787 3887 ac
814 3842 905 3906 reges
932 3823 1034 3906 ipsos,
1061 3842 1135 3886 nam
1154 3822 1186 3886 in
1217 3825 1252 3884 12
1271 3823 1344 3888 libri
1371 3844 1400 3888 v.
1423 3825 1491 3906 439,
1513 3827 1552 3885 40
1574 3823 1679 3887 citatis
1700 3822 1750 3887 vir

450 3938 544 4003 nobis
563 3937 742 4022 significare
761 3938 884 4003 videtur
902 3937 1087 4023 principem.
1128 3938 1240 4019 Neque
1261 3937 1326 4001 alia
1346 3958 1395 4003 res
1409 3943 1457 4002 est
1472 3937 1557 4021 apud
1568 3937 1750 4019 Hesiodum,

454 4054 509 4135 qui
531 4054 564 4118 in
581 4074 631 4137 op.
653 4059 686 4118 et
706 4053 788 4119 dieb.
810 4054 986 4137 principes,
1011 4072 1089 4135 quos
1111 4055 1262 4133 βασιλῆας
1288 4052 1439 4136 primores
1460 4051 1636 4135 significare
1655 4071 1750 4121 ,nemo

456 4169 589 4251 ignorat,
612 4168 781 4234 introdusit
801 4169 850 4232 ius
872 4167 1014 4233 dicentes

535 4304 564 4348 v.
586 4285 635 4365 38,
655 4285 704 4365 39,
723 4284 797 4346 261:

897 4394 974 4479 μέγα
994 4396 1145 4458 κυδαίνων
1165 4399 1315 4478 βασιλῆας

647 4504 649 4508 ’
694 4489 913 4578 δωφοφάγοος,
937 4492 970 4555 οἳ
985 4490 1073 4575 τήνδε
1097 4494 1180 4576 δίκην
1200 4493 1339 4556 ε’δέλοοσι
1361 4490 1510 4557 δικάσσαι.

535 4645 661 4732 Optime
679 4651 784 4710 autem
803 4645 938 4731 hymnus
957 4647 991 4711 in
1011 4647 1155 4712 Cererem
1176 4652 1300 4731 praeter
1327 4646 1461 4712 officium
1489 4643 1639 4709 iudiciale
1668 4642 1752 4727 prin—

456 4762 561 4844 cipum
575 4781 705 4830 munera
725 4761 843 4847 profert
862 4762 913 4830 bis
933 4762 1038 4827 verbis
1066 4763 1210 4842 (150-2)
