4000 5700
906 468 953 529 115

524 611 640 697 α’νέρας,
664 607 742 677 οἷσιν
764 611 863 677 {incorr
878 612 957 696 μέγα
975 609 1088 697 κρότος
1106 608 1216 676 ἐνθάδε
1236 614 1326 694 τιμὴς

526 711 627 796 δήμου
648 737 680 776 τε
695 708 885 803 προέχουσιν
906 712 948 774 ι’δέ
969 709 1120 808 κρήδεμνα
1140 706 1254 791 πόληος

528 808 661 895 εἰρύαται
680 804 811 895 βουλῇσι
831 811 879 871 καὶ
898 810 1009 894 ἰθείῃσι
1032 810 1158 893 δίκῃσιν.
1248 901 1252 909 ι

367 965 470 1047 Atque
492 965 595 1048 ipsum
613 983 725 1027 nornen
746 961 886 1027 declarat
905 960 1065 1046 principes
1086 960 1119 1022 in
1141 937 1223 1025 bello
1243 923 1339 1054 duces
1360 956 1465 1022 fnisse.
1507 957 1581 1022 Sae-

288 1083 359 1167 pius
380 1081 463 1146 enim
490 1080 624 1163 legimus
642 1083 677 1142 ut
698 1078 731 1142 in
751 1077 832 1142 libro
853 1076 884 1139 ll
902 1097 932 1140 v.
954 1076 1007 1158 793

664 1224 806 1310 Ἀργείων
822 1193 966 1307 ἡγήτορες
986 1220 1040 1304 ήδέ
1059 1221 1201 1328 μέδοντες

289 1347 357 1410 sive
378 1346 455 1410 XVI
481 1347 551 1406 164:

507 1448 509 1452 ’
587 1450 663 1504 τοῖσι
675 1438 890 1525 Μυρμιδόνων
909 1436 1054 1522 ἡγήτορας
1073 1435 1127 1520 ήδέ
1145 1437 1287 1518 μέδοντες
1324 1471 1327 1478 =

289 1567 321 1626 et
342 1560 419 1625 XVI
439 1561 513 1622 533:
1334 1564 1336 1570 ’

729 1671 860 1734 Λυκίων
886 1666 1031 1752 ἡγήτορες
1048 1662 1153 1752 ἄνδρες
1240 1657 1269 1666 ”

288 1782 319 1841 et
339 1780 369 1858 7,
394 1778 463 1839 186:

583 1889 700 1952 κέκλυτε
724 1884 869 1970 Φαιήκων
908 1882 1054 1969 ἡγήτορες
1074 1881 1126 1966 ήδὲ
1144 1883 1287 1965 μέδοντες

287 2042 379 2105 sicuti
400 2041 486 2125 apud
507 2041 614 2124 Pylios
629 2040 788 2124 principes
809 2039 905 2103 duces
925 2043 1046 2102 tanturn
1064 2042 1214 2103 uocantur
1233 2038 1284 2104 Xl·
1301 2037 1374 2128 pst:

560 2188 587 2250 oi
604 2187 637 2249 δέ
658 2183 876 2270 συναγρόμενοι
896 2186 1023 2251 Πυλίων
1044 2183 1189 2269 ἡγήτορες
1210 2180 1315 2269 ἄνδρες

559 2286 716 2367 δαίτρευον
795 2299 798 2305 ’
1069 2298 1073 2308 “
1098 2303 1100 2310 ·

290 2441 322 2500 et
345 2436 455 2501 Ulixes
485 2435 630 2499 fabulans
647 2395 754 2499 narrat
778 2454 812 2500 se
831 2433 899 2517 regi
920 2420 1050 2499 obedire
1068 2433 1204 2498 noluisse
1221 2423 1385 2516 ipsumque
1405 2432 1515 2498 ducem
1536 2453 1584 2499 so-

288 2549 407 2615 ciorum
428 2551 587 2619 exstitisse
610 2553 646 2614 13
667 2552 735 2633 265,
754 2552 790 2612 6:
1449 2555 1451 2560 ’

514 2693 605 2761 οὕνεκ’
627 2693 674 2778 ἄρ’
698 2696 755 2780 οὐχ
776 2685 800 2784 ᾧ
821 2699 913 2780 πατρὶ
931 2693 1133 2781 χαριζόμενος
1158 2694 1329 2780 θεράπευον

507 2793 600 2884 ,δήμῳ
625 2794 665 2859 ένι
689 2793 817 2881 Τριόων,
840 2793 903 2858 ἀλλ’
933 2791 1034 2858 ἄλλων
1060 2783 1156 2878 ήρχον
1184 2789 1320 2879 ἑταίρων.

368 2947 596 3012 Sacrificiorum
629 2947 745 3013 deinde
781 2966 892 3012 munus
918 2945 960 3010 ad
988 2965 1080 3029 reges
1110 2946 1193 3011 solos
1227 2947 1383 3031 pertinere
1410 2947 1585 3014 studuimus

288 3062 421 3147 probare
443 3082 544 3144 neque
566 3069 671 3127 tamen
692 3065 852 3147 principes
874 3064 999 3128 omnino
1021 3062 1208 3147 seiungendi
1233 3068 1305 3127 sunt
1326 3062 1443 3149 quippe
1464 3064 1517 3146 qui
1537 3084 1583 3145 or-

287 3177 393 3241 dinem
414 3176 584 3240 secundum
601 3186 789 3261 occupantes
807 3198 877 3243 curn
897 3178 1029 3243 Alcinoo
1050 3200 1070 3243 a
1087 3180 1249 3263 Neptuno,
1270 3182 1304 3242 ut
1331 3178 1468 3261 ipsorum
1491 3179 1583 3246 mise-

288 3298 355 3356 reat
374 3298 539 3375 precentur
560 3293 596 3353 13
620 3292 761 3355 185-7:

586 3435 628 3512 ιδς
649 3438 676 3501 οἱ
693 3439 750 3522 μέν
769 3439 801 3523 ῥ’
821 3435 947 3521 εόχοντο
966 3444 1158 3505 Ποσειδάωνι
1173 3439 1276 3505 όνακτι

586 3536 687 3618 δήμου
709 3534 853 3619 Φαιήκων
879 3536 1025 3622 ἡγήτορες
1051 3538 1104 3621 ἡδὲ
1123 3540 1265 3620 μέδοντες

586 3630 724 3707 ἑσταότες
745 3637 810 3717 περὶ
830 3634 961 3716 βωμόν·

289 3788 320 3846 et
340 3784 454 3848 Hector
470 3784 677 3848 Troianorum
698 3785 855 3868 principes
884 3796 923 3875 ut
937 3806 1007 3851 cunr
1028 3788 1164 3851 virorum
1182 3768 1320 3871 pugnarn
1342 3788 1520 3871 parantium
1540 3787 1583 3851 fe-

271 3897 383 3961 'minis
401 3898 477 3962 deos
497 3905 594 3982 orent,
614 3904 662 3964 est
683 3906 846 3982 rogaturus
866 3901 910 3965 Vl
940 3904 1096 3965 113-1-15.

369 4012 478 4076 Restat
497 4019 530 4076 ut
551 4012 590 4077 de
608 4019 762 4097 potestate
782 4015 968 4099 principum,
989 4035 1070 4098 quae
1087 4015 1276 4098 conspicitur
1299 4016 1332 4079 in
1351 4015 1489 4098 ipsorum
1511 4034 1583 4093 oon-

289 4126 386 4209 ciliis,
418 4125 599 4192 iudicemus.
638 4130 742 4211 Atque
771 4148 804 4193 re
832 4149 908 4194 uera
937 4130 1017 4194 nihil
1037 4130 1139 4213 magis
1164 4136 1272 4195 contra
1299 4150 1369 4195 eam
1396 4130 1584 4195 sententiam

289 4246 418 4324 pugnat,
436 4260 475 4304 ex
494 4260 557 4323 qua
576 4261 631 4307 rex
649 4243 749 4307 libera
770 4243 931 4308 voluntate
952 4250 985 4308 et
1004 4244 1145 4327 potentia
1173 4243 1451 4325 existeredioitur,
1474 4249 1507 4309 ut
1528 4264 1583 4308 rex

288 4355 437 4420 reddatur
456 4361 606 4439 tyrannus
627 4358 794 4441 Asiaticus,
814 4377 908 4441 quarn
926 4358 994 4423 eius
1014 4359 1047 4422 in
1068 4338 1208 4423 conciliis
1229 4358 1343 4441 imago.

368 4470 542 4536 Concilium
558 4476 672 4561 autem*
690 4478 878 4539 convocatur
906 4492 926 4537 a
954 4492 1029 4557 rege
1050 4478 1105 4538 aut
1125 4473 1167 4539 ab
1187 4473 1266 4557 ipsis
1283 4473 1486 4557 principibus.
1523 4474 1582 4555 ,Ni-

289 4584 334 4649 hil
349 4586 426 4650 certi
446 4586 604 4669 colligitur
622 4607 661 4652 ex
684 4589 714 4670 2,
734 4590 788 4651 26:

549 4731 617 4797 οὔτε
636 4738 711 4797 ποθ’
732 4734 860 4818 ἡμετέρη
887 4733 983 4818 σῖγορή
1004 4734 1092 4818 γίνετ’
1116 4728 1183 4797 οδτε
1203 4731 1328 4811 θόωκος
