4000 5700
1081 519 1101 580 4

446 672 475 735 2.
496 669 578 736 Aufl.
599 691 630 756 p.
649 671 710 751 25.)
732 670 781 734 De
800 668 885 752 regis
910 668 1033 732 ratione
1059 665 1189 732 vivendi
1210 672 1305 750 atque
1333 665 1401 730 eius
1425 665 1651 732 consuetudine
1670 685 1740 732 cum

444 786 603 852 nobilibus
625 791 720 868 atque
740 784 865 869 populo,
888 782 1015 865 singula
1033 801 1097 846 non
1116 781 1247 846 multum
1267 787 1389 864 extant3
1416 801 1456 848 ea
1475 801 1557 864 quae
1576 783 1739 850 inveniun-

444 906 494 966 tur
514 901 648 986 probant
667 919 773 983 regem
802 918 871 964 esse
900 897 1035 982 primum
1062 898 1145 962 inter
1167 916 1268 981 pares.
1307 897 1358 962 Ab
1387 897 1437 962 his
1456 917 1583 981 prorsus
1603 899 1739 962 alienam

444 1016 628 1080 Aristoteles
647 1016 680 1078 in
701 1015 819 1098 optimc
841 1013 895 1078 illc
911 1014 991 1079 libro
1014 1011 1204 1096 decivitate
1223 1013 1339 1096 scripte
1360 1013 1546 1078 sententiam
1567 1013 1737 1098 proposuit.

443 1131 545 1214 Regia
573 1131 656 1206 enim
688 1134 827 1213 potestas
853 1134 992 1212 tempore
1018 1127 1143 1192 heroico
1170 1126 1340 1192 secundum
1369 1127 1569 1194 Aristotelem
1596 1129 1739 1193 manavit

443 1264 483 1309 ex
499 1244 585 1310 fonte
604 1244 828 1326 diversissimo,
848 1243 964 1307 civium
983 1242 1152 1308 voluntate.
1192 1242 1258 1306 Pol.
1280 1243 1327 1307 111
1350 1244 1378 1326 9,
1401 1245 1430 1323 ς.
1448 1246 1482 1306 7:

526 1391 683 1476 Τίταρτον
701 1393 727 1453 ‹l’
749 1388 826 1465 εἶδος
846 1393 1016 1475 μοναρχίας
1027 1394 1184 1472 βασιλικῆς
1206 1387 1236 1452 αἱ
1255 1391 1332 1452 κατα
1348 1393 1420 1464 τούς
1442 1391 1592 1476 ἦριοικοός
1605 1417 1737 1474 χρονοας

442 1486 576 1550 ἑκούσιαί
592 1512 623 1550 τε
644 1488 691 1549 καὶ
715 1486 839 1572 αότριαι
863 1486 1031 1571 γιγνόμεναι
1056 1488 1133 1550 κατα
1160 1488 1276 1566 νόμον·
1297 1489 1347 1549 (λαὶ
1366 1490 1424 1570 γὰρ
1444 1513 1470 1552 κ.
1503 1515 1529 1552 τ.
1562 1494 1588 1553 λ.
1621 1527 1656 1537 -
1699 1529 1734 1537 -

441 1587 590 1669 ἐγίγνοντο
610 1590 742 1664 βασιλεῖς
761 1581 889 1647 ἑκόντων
909 1585 956 1645 καὶ
977 1592 1042 1656 τοῖς
1061 1585 1334 1664 παραλαμβάνουσι
1354 1589 1474 1668 πάτριοι
1495 1587 1668 1652 etPcl.111
1691 1593 1737 1671 10,

441 1689 471 1766 ξ.
494 1688 520 1746 1.
563 1685 723 1756 Βασιλείας
741 1683 797 1763 μὲν
819 1672 872 1744 οὖν
895 1679 957 1763 sitq
986 1685 1098 1758 ταῦτα,
1133 1681 1262 1761 τίτταρα
1291 1683 1346 1744 τόν
1376 1679 1525 1766 ἀριθμόν,
1553 1685 1609 1764 μία
1633 1685 1691 1766 μὲν
1715 1683 1735 1767 ἦ

442 1782 508 1864 περὶ
530 1782 603 1854 τούς
623 1780 773 1864 ἡρωαοῦς
793 1782 925 1864 χρόνους
943 1817 983 1826 -
1000 1816 1038 1826 -—
1060 1815 1098 1823 -
1121 1773 1198 1861 αὕτη
1219 1781 1245 1841 cl’
1264 1769 1301 1863 ἦν
1319 1778 1449 1848 ἑκόντων
1469 1782 1533 1863 μίν,
1554 1785 1605 1846 ἐπί
1627 1806 1687 1846 τισι
1708 1786 1735 1844 δ’

441 1876 640 1959 ὦρισμίνοις·
663 1879 833 1961 στρατηγός
852 1879 910 1960 γὰρ
931 1865 1035 1958 ἦνκαὶ
1056 1876 1199 1958 δικαστὴς
1215 1874 1394 1955 όβασιλεός,
1415 1878 1462 1938 καὶ
1483 1881 1545 1941 τῶν
1563 1881 1641 1964 πρός
1661 1881 1735 1954 τούς

439 1976 533 2049 θεοὺς
552 1972 687 2058 κόριος.5

519 2125 584 2191 Sed
604 2145 732 2191 necesse
753 2130 801 2190 est
825 2124 1018 2207 reipublicae
1046 2123 1146 2209 ipsius
1171 2123 1266 2189 tinem
1293 2126 1509 2211 acquiramus,
1537 2148 1598 2211 que
1622 2131 1733 2196 melius

438 2240 480 2305 ad
490 2241 688 2308 Homericam
706 2238 917 2306 definiendam
937 2240 1102 2323 pervenire
1124 2241 1288 2324 pessimus.
1329 2241 1513 2307 Aristoteles
1530 2250 1635 2308 autem
1652 2265 1732 2310 sum-

437 2375 506 2420 mus
525 2355 590 2422 fere
610 2357 747 2421 omnium
768 2356 822 2437 qui
842 2353 882 2419 de
903 2354 1064 2439 republica
1082 2331 1287 2437 scripserunt,
1307 2356 1424 2440 optimc
1445 2376 1485 2422 ex
1501 2364 1614 2423 natura
1634 2360 1731 2424 hemi-

436 2490 511 2534 num
533 2471 782 2555 praeclarissime
803 2470 896 2534 decet
915 2469 1054 2535 civitatis
1074 2468 1277 2533 fundamenta
1296 2469 1359 2535 iaci
1387 2470 1436 2536 his
1455 2473 1560 2538 verbis
1581 2473 1646 2538 Pol.
1667 2476 1681 2539 l
1704 2479 1729 2559 l,

436 2588 465 2665 ξ.
489 2586 522 2649 9;
551 2586 683 2669 φανερόν
713 2579 761 2647 ότι
789 2587 853 2646 τῶν
884 2579 974 2668 φύσει
1006 2581 1025 2664 ἦ
1058 2579 1145 2656 πόλις
1174 2583 1252 2660 ἔστί,
1287 2584 1334 2645 καὶ
1366 2577 1414 2647 ότι
1441 2581 1608 2670 ἄνθρωπος
1641 2585 1726 2672 φύσει

435 2703 589 2764 πολιτικόν
609 2703 696 2788 ζῷον.

515 2854 656 2933 Quocum
676 2850 992 2934 consentitHegelius
1008 2850 1227 2932 (Grundlinien
1248 2849 1304 2916 der
1314 2851 1515 2938 Philosophie
1536 2853 1592 2921 des
1604 2855 1726 2939 Rechts,

433 2970 507 3035 Ges.
527 2969 657 3051 Werke,
683 2966 774 3031 Band
803 2968 838 3050 8,
861 2967 892 3032 S.
918 2968 982 3048 116,
1006 2969 1084 3047 117.)
1126 2966 1271 3049 „Raticni
1291 2972 1340 3031 est
1366 2976 1607 3035 consentaneum
1632 2971 1728 3037 hemi-

433 3104 506 3148 nem
524 3083 632 3148 vivere
649 3082 683 3146 in
703 3081 865 3165 republica
885 3087 917 3145 et
938 3082 966 3146 si
986 3081 1074 3145 nulla
1093 3081 1271 3165 respublica
1292 3083 1347 3164 sit,
1377 3084 1457 3148 ratic
1484 3087 1586 3169 poscit
1608 3094 1641 3151 ut
1660 3088 1728 3152 eius

431 3198 635 3263 fundamenta
655 3196 835 3262 iaciantur“
864 3231 902 3242 -
930 3201 961 3259 et
980 3196 1085 3278 ipsum
1105 3196 1305 3261 Aristotelem
1324 3198 1444 3281 ingenii
1466 3201 1608 3265 acumine
1629 3202 1728 3267 vincit

432 3332 552 3378 summo
578 3312 678 3376 dicte:
707 3312 845 3394 „Aetate
872 3310 1037 3374 recentiori
1063 3310 1192 3375 multum
1221 3313 1398 3395 respublica
1425 3315 1556 3399 profecit
1582 3322 1616 3381 ut
1644 3336 1726 3381 nunc

502 3611 514 3642 ⁶
534 3609 601 3670 Quae
621 3610 796 3660 sententiarum
814 3609 946 3661 diversitas
965 3610 1086 3674 quomode
1106 3625 1137 3660 ex
1156 3612 1210 3677 ipsc
1227 3613 1334 3661 carmine
1350 3613 1426 3663 fluere
1443 3619 1563 3681 potuerit,
1583 3620 1723 3686 exemplum

429 3696 588 3762 proferamus.
624 3698 665 3749 Ex
685 3697 816 3764 Odysseae
831 3700 947 3749 carminis
968 3698 1022 3749 loco
1041 3703 1070 3758 6,
1094 3702 1179 3749 7—10
1197 3714 1280 3763 regem
1299 3702 1381 3752 omnia
1398 3700 1495 3754 efficere
1516 3705 1583 3770 apud
1599 3706 1724 3758 Phaeaces

429 3782 532 3849 ccllrgas
696 3854 777 3906 ἔνθα,
794 3847 941 3920 ἀναστήσας
960 3852 1010 3926 ἅμα
1029 3855 1181 3908 Ναυσίθοος
1205 3854 1324 3925 θεοειδὴς

694 3990 765 4065 ἀμφὶ
784 3992 814 4047 δὲ
830 4000 915 4060 τεῖχος
934 3993 1028 4047 ἔλασσε
1052 3993 1128 4049 πόλει
1151 4002 1194 4048 καὶ
1218 3995 1341 4084 §depravo
1362 3998 1447 4051 ciitovs

694 4069 738 4117 καὶ
754 4064 831 4131 νηοὺς
847 4071 940 4131 ποίησε
956 4066 1033 4118 θεῶν
1051 4071 1094 4119 καὶ
1113 4064 1236 4119 ἐδάσσατ’
1255 4067 1379 4139 αρούραο.

496 4172 557 4225 Alia
573 4188 630 4226 vere
648 4174 736 4226 decent
758 4180 803 4236 13,
822 4180 954 4227 210-12
984 4179 1120 4229 seeundum
1149 4195 1210 4244 quos
1233 4196 1319 4233 versus
1347 4182 1413 4248 apud
1430 4183 1571 4238 Phaeacum
1595 4188 1721 4253 principes

429 4273 526 4309 summa
544 4266 665 4326 protectas
683 4263 782 4315 videtur
799 4262 879 4315 fuisse

726 4363 852 4433 Φαιήκων
872 4362 997 4441 όγήταριο
1015 4364 1062 4435 ἠδὲ
1079 4365 1211 4454 μέδοντες,
1245 4430 1256 4457 s

695 4436 725 4487 οἴ
743 4438 771 4503 μ’
797 4438 832 4489 cic
853 4434 937 4502 ἄλλον
960 4444 1042 4509 γαῖαν
1067 4438 1158 4511 απήμι
1175 4458 1208 4491 ον
1214 4480 1221 4505 ,
1240 4459 1287 4509 pre
1302 4444 1331 4509 μ’
1342 4443 1441 4513 ἔφαντο

688 4503 764 4579 ἄξειν
781 4507 817 4559 εἰς
832 4504 938 4574 Ἰθάιομ
955 4505 1092 4574 εὐδείελον,
1111 4508 1143 4563 οὐ
1185 4508 1339 4564 ἐτέλεσσαν·

420 4613 493 4676 atque
515 4608 602 4661 Ulixes
627 4627 643 4660 c
665 4627 723 4677 rege
740 4620 765 4665 et
783 4619 849 4665 omni
866 4617 964 4682 populo,
983 4623 1012 4668 ut
1030 4618 1111 4669 redire
1130 4618 1179 4670 sibi
1197 4619 1290 4681 liceret,
1310 4624 1415 4688 patierat
1433 4625 1456 4681 8,
1479 4626 1535 4684 156,
1554 4626 1577 4678 7.

716 4719 766 4801 νῦν
782 4714 812 4769 δὲ
826 4718 891 4785 μεθ’
902 4716 1015 4792 ὑμετέρῃ
1033 4712 1117 4844 calepf)
1134 4718 1240 4774 νόστοιο
1254 4724 1369 4786 χατιζιιιν

718 4806 792 4855 W
811 4786 962 4857 2⁶⁰⁰‘5W0‘
976 4796 1041 4859 βασι
1057 4795 1090 4857 ἦα
1107 4811 1138 4843 τε
1151 4790 1243 4845 πάντα
1261 4812 1291 4844 τε
1309 4792 1411 4863 δῆμον·
