4000 5700
296 682 298 687 '
354 673 535 758 Principum
555 677 661 737 autem
681 673 851 738 maximam
870 675 1036 758 potestatis
1061 675 1168 758 regiae
1194 693 1283 759 spem
1310 671 1433 744 habent
1446 679 1492 744 illi
1514 681 1568 764 qui

275 807 345 854 cum
364 789 479 874 populo
501 788 658 854 coniuncti
679 788 799 871 vivunt,
818 795 852 854 ut
870 789 1086 874 Eurymachus
1108 794 1155 872 15,
1176 793 1250 854 52οε

578 941 633 1001 τόν
654 942 708 1002 νῦν
730 934 780 1000 lca
802 943 867 1026 θεῷ
888 937 1059 1023 Ἰθακήσιοι
1080 938 1257 1024 εἰσορόωσιν

276 1096 309 1156 et
327 1090 461 1175 populus
486 1108 544 1155 suo
569 1090 637 1155 iure
662 1110 712 1156 res
737 1095 837 1155 mutat
867 1091 921 1156 ubi
946 1090 991 1156 dii
1020 1112 1082 1158 non
1108 1092 1172 1156 sint
1198 1094 1370 1160 adversarii
1395 1099 1424 1179 3,
1444 1099 1512 1180 211,
1534 1102 1568 1180 53

276 1207 323 1289 16,
343 1207 392 1288 95,
409 1207 429 1268 6

972 1315 992 1403 ἢ
1012 1320 1077 1404 σέγε
1096 1323 1163 1386 λαοὶ

494 1437 674 1522 ἓχθαίρουω
694 1433 752 1497 circi
773 1438 872 1517 δῆμον
891 1433 1085 1518 ἐπισπόμενοι
1105 1441 1181 1502 θεοῦ
1202 1436 1338 1525 ὀμφῇ.23

355 1590 464 1672 Itaque
481 1588 615 1672 legimus
634 1606 691 1671 per
701 1587 895 1671 sepcpulum
918 1595 1038 1653 tantum
1049 1590 1186 1655 valuisse
1203 1597 1236 1655 ut
1255 1591 1350 1656 etiam
1363 1593 1569 1660 Telemachus

278 1704 408 1770 libenter
427 1708 532 1769 narret
546 1723 608 1769 non
629 1722 752 1768 omnem
775 1703 924 1787 populum
944 1704 1006 1769 sibi
1026 1723 1094 1770 esse
1115 1706 1228 1770 iratum
1255 1709 1297 1788 16,
1321 1710 1391 1770 tlt:

523 1847 590 1915 cire
611 1852 643 1914 τί
658 1875 712 1931 μοι
733 1854 792 1925 ιιιῖς
812 1853 910 1932 δῆμος
931 1849 1143 1933 ἀπεχθόμενος
1161 1856 1330 1935 χαλεπαίνει

276 2011 311 2070 ut
331 2004 439 2070 Ulixes
459 2004 640 2089 profiteatur
657 2022 692 2068 se
712 2023 733 2066 a
753 2004 819 2070 suis
838 2022 908 2069 esse
928 2010 1070 2070 coactum
1093 2008 1139 2088 12,
1159 2008 1233 2070 297:

524 2150 675 2237 Εὐρύλοχ’
695 2141 715 2234 ἦ
735 2151 820 2233 μάλα
841 2150 880 2215 ll
900 2177 937 2234 με
955 2151 1073 2234 βιάζετε
1094 2158 1209 2236 μοῦνον
1229 2153 1317 2219 ε’όνια

278 2309 313 2369 ut
333 2304 488 2369 Antinous
506 2305 616 2372 timeat
635 2325 676 2371 ne
695 2307 782 2390 ipsos
800 2326 911 2390 procas
931 2307 1065 2391 populus
1085 2308 1189 2391 patria
1209 2307 1317 2374 eiiciat
1339 2311 1385 2392 16,
1405 2312 1472 2392 381,
1494 2313 1527 2373 2;

555 2453 599 2538 μή
620 2481 649 2519 τι
669 2459 760 2520 κακὰν
781 2455 890 2542 ῥέξωσι
912 2460 961 2520 καὶ
981 2457 1077 2540 ἡμέας
1098 2456 1278 2533 tatthaeum

549 2555 634 2637 taluc
654 2553 807 2638 ἡμετέρης·
1210 2655 1212 2662 Α

358 2706 468 2788 Neque
489 2705 607 2770 Achaei
630 2707 693 2770 ullo
713 2707 806 2771 mede
823 2708 909 2790 regie
929 2713 984 2771 aut
1006 2707 1168 2791 tyrannice
1189 2712 1363 2774 tractantur
1391 2710 1431 2775 ab
1449 2710 1570 2776 Achille

276 2827 332 2887 aut
352 2823 601 2905 Agamemnone3
622 2822 732 2887 XXlll
756 2826 822 2900 155,
842 2826 876 2886 a:

512 2969 647 3055 Ἀτρείδη
670 3011 704 3019 -
730 2975 777 3035 σοὶ
798 2974 854 3057 γάρ
875 2996 906 3035 τε
925 2970 1061 3053 μάλιστά
1081 2996 1111 3055 γε
1131 2974 1205 3047 λαός
1224 2970 1358 3054 Ἀχαιῶν

515 3071 666 3134 πείσονται
686 3069 877 3151 μύθοισι-
898 3110 937 3120 -
960 3110 997 3119 -

359 3229 460 3307 Quam
481 3230 522 3294 ad
542 3230 737 3315 probandam
765 3231 829 3297 vim
855 3237 887 3296 et
912 3230 1047 3314 gratiam
1075 3231 1182 3315 pupuli
1213 3229 1408 3295 recordemur
1432 3249 1570 3313 eaquae

282 3346 462 3429 scripsimus
482 3346 522 3409 de
533 3347 691 3428 concione,
713 3346 827 3428 quibus
843 3345 937 3410 dictis
949 3352 980 3410 et
988 3346 1065 3410 lucis
1077 3346 1181 3410 citatis
1194 3345 1360 3410 adiicimus
1371 3347 1400 3426 2,
1419 3348 1571 3428 239-11;

280 3461 328 3542 24,
349 3463 424 3543 516;
444 3461 556 3525 XXIII
576 3462 644 3542 539,
666 3450 787 3543 4ll3'IX
808 3462 861 3542 563
881 3461 982 3542 11833
1001 3461 1017 3524 I
1041 3462 1110 3542 231,
1130 3463 1163 3522 2:
1241 3456 1245 3464 ’

517 3605 692 3691 δημοβόρος
713 3611 855 3687 βασιλεύς
876 3609 934 3670 ἐπεὶ
956 3605 1159 3671 οὐτιδανοῖσιν
1179 3606 1318 3683 ἀνάσσεις

517 3694 536 3786 ἦ
555 3706 613 3788 γὰρ
636 3700 673 3766 ἂν
685 3702 821 3787 Ἀτρείδη
837 3709 891 3768 νῦν
909 3700 1027 3769 ὕστατα
1048 3702 1214 3787 λωβήσαιο.

361 3858 424 3924 Sed
445 3878 507 3922 non
529 3857 634 3922 emnia
654 3857 751 3941 plana
771 3862 842 3921 sunt
862 3875 942 3939 quae
967 3856 1112 3939 leguntur
1130 3856 1163 3919 in
1186 3858 1377 3922 carminibus
1399 3858 1570 3923 homericis.

282 3975 311 4039 N
314 3994 365 4038 am
375 3994 437 4038 non
451 3974 551 4038 solum
565 3973 610 4036 dii
622 3970 895 4056 permutandcrurn
906 3991 1015 4050 regum
1035 3991 1132 4036 eausa
1157 3978 1256 4053 erant,
1277 3971 1333 4036 sed
1354 3973 1449 4038 etiam
1463 3974 1570 4058 populi

227 4111 231 4119 ·
281 4089 343 4173 ipsi
367 4094 487 4154 tanturn
509 4088 657 4153 valebant
678 4087 792 4155 utsibi
820 4086 916 4151 aliurn
935 4107 1042 4170 regern
1064 4095 1214 4153 crearent.
1255 4088 1366 4171 ltaque
1388 4088 1571 4171 saepissime

278 4205 411 4288 legimus
855 4205 858 4211 '

472 4317 541 4381 catal
556 4320 612 4400 μὲν
634 4319 697 4383 οὐδ’
717 4321 744 4383 οἱ
765 4316 893 4403 ἄναρχοι
916 4318 987 4382 ἴσαν
1006 4315 1124 4381 πόθεόν
1140 4340 1171 4400 γε
1191 4313 1369 4413 μὲνίάρχόν.
1444 4379 1450 4391 ,

360 4469 561 4536 Difficilicres
581 4478 685 4536 autem
705 4491 754 4536 res
775 4471 989 4551 inveniuntur3
1012 4468 1074 4533 duo
1089 4468 1349 4551 enimvelplures
1361 4467 1456 4532 duces
1477 4475 1571 4551 atque

356 4730 384 4763 ³⁸
404 4730 551 4781 Iudaeorum
571 4744 668 4797 qnoque
687 4728 745 4781 libri
764 4731 843 4782 sancti
860 4731 959 4796 saepius
978 4735 1076 4779 narrant
1094 4726 1213 4793 populum
1233 4741 1264 4776 ex
1289 4740 1334 4776 sua
1351 4725 1476 4778 voluntate
1495 4725 1573 4777 multa

281 4820 306 4868 iu
325 4816 427 4884 regibus
444 4819 613 4884 permutandis
631 4817 751 4870 effecisse.
767 4817 904 4869 Saalsehl
924 4820 947 4879 ᾗ.
959 4821 982 4867 2.

1358 4903 1373 4951 3
