4000 5700
1059 538 1079 599 6

419 683 523 748 decim
543 703 633 767 reges
655 684 872 766 inveniuntur,
899 705 1028 767 quorum
1056 685 1204 769 princeps
1224 705 1360 750 summus
1382 686 1569 752 tredecimus
1590 693 1653 770 est,
1681 692 1716 752 ut

420 797 557 863 Odinum
578 797 800 862 circumdatum
822 785 993 882 reperimus
1014 798 1178 864 duodecim
1192 800 1362 865 Gothorum
1384 801 1587 885 principibus.
1613 801 1715 882 (Com-

421 932 487 996 par.
509 913 548 976 H.
571 913 635 977 Leo
661 911 828 977 Lehrbueh
855 912 911 977 der
937 914 1211 997 Universalgesch.
1242 915 1272 980 S.
1287 917 1344 978 363
1371 915 1459 980 Bd.1
1490 914 1545 980 der
1576 918 1603 979 3.
1621 915 1715 996 Auli.)

421 1027 571 1093 Similiter
593 1047 632 1092 ea
652 1047 733 1109 quae
753 1027 883 1093 Tacitus
908 1029 989 1093 libro
1017 1028 1056 1094 de
1076 1030 1251 1122 Germania¹
1273 1030 1418 1113 exposuit
1445 1029 1649 1094 illustrandae
1670 1029 1716 1093 illi

421 1142 514 1225 primi
534 1143 724 1207 Graecorum
746 1144 894 1226 temporis
921 1140 1097 1209 condicioni
1128 1144 1316 1227 inserviunt,
1352 1144 1489 1226 itemque
1515 1143 1626 1208 Eddae
1652 1164 1717 1209 car-

420 1255 505 1320 mine
527 1255 683 1320 interdum
704 1256 814 1321 Iliadis
829 1258 1035 1322 meminimus.
1076 1258 1249 1323 Notissima
1261 1259 1344 1324 enim
1357 1259 1563 1324 illaNcstoris
1578 1256 1715 1339 idveur'g,

421 1370 504 1451 laquie
525 1371 653 1432 Πυλίων
672 1365 823 1453 ἀγορητής

579 1485 630 1549 vel
650 1485 896 1568 Agamemnonis
915 1488 955 1584 ll.
972 1489 1021 1566 23,
1046 1489 1084 1549 21

681 1648 788 1728 Eitea
804 1652 928 1736 Ἀτρέος
948 1655 990 1717 vll
1010 1657 1178 1739 δαΐφρονος
1200 1653 1384 1736 ἱπποδάμοιο

597 1824 601 1827 Α
684 1749 720 1813 οὗ
741 1753 803 1835 χρὴ
827 1749 994 1833 παννύχιον
1010 1747 1103 1814 εὕδειν
1125 1750 1323 1837 βουληφόρον
1341 1749 1438 1836 ἄνδρα

423 1923 541 2006 optime
562 1924 751 1987 conveniunt
773 1943 843 1988 cum
866 1925 1004 1989 carmine
1024 1922 1135 1988 Eddae
1156 1925 1297 2008 septimo,
1318 1945 1380 2006 qua
1400 1925 1477 1990 haec
1500 1925 1633 2008 legimus

1079 2074 1182 2129 Hildolf
1202 2079 1283 2130 heisst
1301 2094 1329 2130 er

693 2165 744 2214 Der·
761 2165 939 2230 rathlluge
956 2167 1052 2223 Recto,
1070 2165 1114 2217 dcr
1130 2167 1156 2216 in
1175 2166 1332 2217 Radseisund
1349 2167 1439 2218 wohnt.

426 2298 501 2378 (Die
520 2296 614 2361 Edda
634 2298 735 2362 libers.
757 2298 822 2362 und
848 2300 906 2363 mit
925 2300 1174 2382 Erl'auterungen
1200 2321 1262 2365 von
1284 2301 1323 2364 K.
1345 2300 1495 2366 Simrock.
1513 2321 1544 2384 p.
1557 2304 1596 2364 50
1615 2308 1667 2365 str.
1680 2303 1722 2381 8.)

504 2408 616 2494 Neque
640 2414 760 2477 mirum.
808 2415 852 2479 Ut
886 2415 969 2478 enirn
1004 2416 1187 2479 animalium
1214 2414 1453 2480 domesticorum
1486 2416 1614 2480 nomina
1641 2416 1724 2480 inter

429 2547 463 2591 se
484 2527 681 2592 consentiunt
703 2527 788 2612 apud
810 2529 942 2613 populos
963 2529 1220 2612 indegerman0s‚
1242 2529 1287 2594 sic
1308 2530 1403 2594 etiarn
1423 2530 1646 2595 frumentomm
1669 2551 1722 2594 va-

427 2642 558 2723 riorum,
586 2646 621 2705 ut
648 2641 818 2708 verisimile
839 2642 881 2706 sit
902 2648 1038 2707 aratmm
1060 2649 1167 2708 notum
1187 2642 1283 2708 fuisse
1304 2648 1397 2725 atque
1419 2644 1639 2726 agriculturam
1659 2645 1718 2708 iam

428 2760 501 2820 ante
522 2754 556 2818 id
577 2761 699 2840 tempus
717 2756 858 2840 viguisse
877 2777 938 2839 quo
960 2764 1071 2840 gentes
1093 2763 1166 2822 sunt
1187 2758 1355 2840 seiunctae,
1376 2778 1564 2840 quamquam
1581 2759 1677 2831 fertum

667 2919 828 3006 Βοοζῦγης
850 2922 868 2985 ct
888 2927 1012 3008 πρῶτος
1030 2928 1108 3004 βοῦς
1127 2923 1186 2987 ὑπὸ
1209 2919 1341 3015 doctam
1361 2922 1474 3001 ζεύξας.

510 3095 588 3160 Cum
616 3094 711 3177 igitur
736 3095 1030 3179 indogermanorum
1054 3097 1238 3181 populorum
1273 3097 1383 3181 proavi
1416 3097 1481 3161 iam
1513 3096 1725 3180 agriculturae

430 3210 614 3292 studuerint,
635 3230 764 3276 necesse
783 3219 832 3276 est
848 3212 993 3277 instituta
1012 3212 1168 3294 quaedam
1190 3211 1318 3296 publica
1342 3218 1374 3276 et
1395 3216 1512 3276 certum
1533 3211 1726 3295 reipublicae

376 3335 382 3345 '
430 3332 545 3390 statum
562 3325 648 3410 apud
669 3325 795 3390 eosdem
816 3326 969 3409 valuisse,
989 3327 1024 3391 id
1045 3326 1129 3409 quod
1150 3347 1189 3391 ex
1210 3326 1330 3409 aliquot
1352 3325 1530 3391 nominibus
1548 3326 1609 3390 huc
1631 3325 1725 3409 perti-

429 3440 575 3506 nentibus
596 3446 737 3524 apparet.
777 3441 888 3523 ltaque
910 3441 943 3504 in
963 3441 1061 3505 Vadis
1080 3442 1134 3506 ubi
1156 3441 1254 3505 multa
1280 3441 1364 3505 bella
1384 3446 1619 3520 enumerantur,
1645 3439 1726 3504 dasa

427 3576 491 3621 vox
522 3553 681 3636 significat
715 3554 835 3620 hostem
868 3561 900 3619 et
927 3574 1068 3637 servum,
1102 3551 1250 3635 δεσπότης
1283 3555 1368 3640 apud
1395 3556 1532 3621 Graecos
1566 3534 1725 3619 seruorum

430 3670 623 3735 dominum.⁶
918 3647 919 3650 Ἴ

510 3785 606 3868 Regis
634 3791 738 3849 autem
766 3805 878 3850 nomen
904 3787 1076 3869 reperimus
1100 3784 1281 3873 (secundum
1302 3784 1396 3849 Kuhn
1416 3789 1449 3849 et
1465 3784 1529 3848 Leo
1550 3784 1669 3868 Meyer)
1692 3784 1725 3848 in

431 3921 508 3966 voce
534 3900 663 3983 linguae
688 3901 860 3965 sanseritae
893 3900 999 3984 natjan,
1027 3920 1159 3981 quacum
1187 3900 1341 3964 consentit
1366 3899 1494 3963 verbum
1520 3898 1652 3963 latinum
1671 3899 1727 3963 rex

432 4015 516 4099 goth.
540 4015 641 4097 reiks,
668 4015 704 4079 ir.
726 4014 816 4099 riogh
843 4015 928 4099 righ,
954 4016 1027 4080 vall.
1048 4016 1084 4078 ri.
1102 4056 1140 4062 -
1161 4036 1234 4078 nam
1255 4014 1293 4079 G.
1312 4014 1452 4079 Curtium
1478 4034 1539 4079 non
1562 4033 1727 4098 possumus

336 4114 344 4131 x
432 4130 531 4212 sequi,
550 4130 603 4211 qui
626 4149 733 4194 vocem
755 4130 886 4193 latinam
906 4130 990 4213 regis
1012 4130 1147 4193 derivari
1176 4128 1254 4194 dicit
1281 4150 1323 4194 en
1342 4128 1447 4194 radice
1476 4125 1660 4195 sanseritica
1682 4132 1726 4215 rg’

432 4244 606 4329 arg-ami
625 4242 794 4331 r-fi-g’e,
816 4265 928 4328 graece
951 4243 1072 4327 ὀρὲγ-ω,
1092 4241 1256 4326 ὀοέγνο-μι
1279 4246 1344 4326 (Gr.
1365 4244 1498 4329 Etymol.
1520 4247 1535 4309 Ι
1562 4266 1593 4329 p.
1618 4249 1674 4309 154
1696 4253 1728 4311 et

435 4456 730 4463 ———.--——-.

444 4599 446 4604 ·
506 4580 518 4611 ⁶
539 4577 622 4628 Aliam
641 4580 705 4627 enirn
723 4580 842 4628 rationem
858 4579 972 4641 sagacius
996 4578 1055 4628 ali.
1073 4578 1156 4629 Curtio
1182 4578 1345 4640 excogitatam
1369 4593 1417 4627 non
1440 4574 1585 4641 probamus,
1610 4580 1727 4642 quicum

433 4665 503 4715 illam
522 4681 607 4716 vocem
624 4664 728 4715 eandem
746 4681 799 4715 esso
816 4682 846 4716 ac
868 4659 1057 4727 decc-aorq-rs
1074 4664 1211 4715 Bindclrerr
1229 4662 1386 4730 (Grundzugc
1406 4664 1449 4715 der
1467 4678 1504 4727 gr.
1522 4663 1630 4729 Etymol.
1650 4668 1671 4717 1.Ι
1679 4664 1727 4715 Th.

434 4754 463 4802 N.
477 4757 534 4802 377.
555 4752 650 4817 p.248)
674 4753 784 4803 docuerit
808 4754 965 4818 potueritque
991 4753 1099 4803 adiicere
1118 4750 1251 4815 Arr'glicum
1277 4750 1341 4801 illud
1360 4748 1495 4809 „husband
1504 4756 1526 4810 ,“
1557 4766 1605 4801 non
1627 4749 1728 4802 habebit

434 4854 479 4890 nos
495 4846 633 4904 sequentes.
698 4856 701 4863 ·
