4000 5700
1058 537 1097 598 24

430 687 505 768 quin
522 685 653 749 Troiani
671 683 859 749 invehantur
882 683 915 748 in
937 683 1083 748 Paridem
1112 689 1144 748 et
1173 684 1341 750 seeundum
1359 687 1523 752 Hectorem
1550 706 1612 751 non
1630 686 1739 752 modo

346 879 350 886 Ι
431 801 509 865 haee
530 801 597 865 fieri
626 805 783 883 poterant,
810 798 866 864 sed
894 799 989 864 etiam
1017 799 1150 883 populus
1174 799 1257 882 quod
1280 821 1341 866 nou
1362 801 1504 866 inventus
1524 802 1564 867 sit
1584 802 1617 866 iu
1638 802 1737 866 Pari-

431 914 512 997 dem,
532 915 573 980 ab
595 935 632 980 eo
654 915 848 999 vituperatur
865 913 914 980 his
932 915 1036 979 verbis
1058 911 1106 978 lll
1124 918 1173 997 56,
1195 920 1229 977 7:

729 1061 805 1125 ἀλλὰ
824 1067 907 1143 μάλα
932 1067 1037 1142 Τρῶες
1058 1064 1249 1145 δειδήμονες·
1273 1054 1340 1146 ήτὲ
1355 1090 1402 1128 κεν
1419 1061 1477 1148 ήδη

728 1161 830 1224 λάϊνον
852 1161 924 1225 ἕσσο
942 1164 1062 1243 χιτῶνα
1081 1166 1180 1224 κακῶν
1200 1162 1272 1243 ἕνεχ’
1292 1157 1372 1226 δσσα
1395 1163 1509 1248 δὀργας.

512 1334 627 1398 Nestor
645 1338 676 1396 et
688 1332 799 1398 Ulixes
819 1340 972 1415 quaerunt
991 1352 1031 1397 ex
1055 1332 1243 1398 Telemaeho
1264 1353 1337 1398 num
1358 1333 1485 1399 inferior
1505 1333 1621 1398 evadat
1641 1335 1735 1416 quod

433 1448 574 1513 homines
593 1448 696 1532 ipsum
716 1447 839 1514 oderint
858 1450 887 1529 3,
909 1451 976 1530 214,
996 1451 1014 1510 5
1036 1455 1068 1515 et
1090 1450 1135 1528 16,
1156 1450 1205 1530 95,
1225 1449 1259 1511 6:

733 1617 795 1681 εἶπέ
812 1644 866 1698 μοι
887 1616 919 1702 ήὲ
941 1615 1015 1682 ἓκιδν
1037 1617 1251 1699 ὑποδάμνασαι
1273 1613 1291 1702 ή
1314 1619 1377 1702 σε’γε
1396 1621 1465 1683 λαοὶ

630 1758 635 1776 ι
731 1717 909 1800 ἕχθαίρουσ’
933 1714 991 1778 ἀνά
1012 1719 1124 1799 δήμου·

432 1873 463 1932 et
483 1866 638 1932 Antinous
658 1867 803 1950 pertimet
823 1887 863 1932 ne
882 1866 1024 1933 homines
1041 1867 1102 1932 sibi
1120 1887 1237 1933 morem
1255 1888 1317 1933 non
1339 1877 1451 1951 gerant
1476 1872 1520 1950 16,
1535 1873 1607 1933 375:

668 2039 735 2102 λαοὶ
755 2039 781 2098 δ’
804 2036 900 2101 οὐκέτι
922 2037 1049 2117 πάμπαν
1068 2035 1115 2122 ἐφ’
1130 2036 1202 2119 ἡμῖν
1220 2025 1278 2120 ήρα
1300 2037 1462 2122 φέρουσιν·

432 2215 473 2279 ab
491 2197 622 2278 Antinoi
641 2219 731 2297 patre
749 2212 817 2296 ipse
838 2211 948 2277 Ulixes
968 2211 1118 2295 populum
1142 2210 1344 2295 prohibuerat
1372 2215 1417 2295 16,
1438 2214 1601 2276 428-36;

670 2380 725 2444 τόν
749 2381 780 2463 ῥ’
800 2381 906 2444 ἔθελον
928 2385 1042 2464 φθῖσαι
1059 2381 1106 2442 καὶ
1126 2379 1309 2460 ἀπορραῖσαι
1331 2383 1420 2465 φιλον
1447 2372 1522 2466 ήτορ

672 2479 724 2564 ήδδ
745 2481 822 2542 κατά
844 2481 925 2562 ζωὴν
948 2479 1067 2563 φαγέειν
1082 2479 1231 2559 μενοεικέα
1249 2476 1371 2562 πολλήν.

672 2576 735 2640 ἀλλ’
756 2576 919 2650 Ὀδυσσεδς
946 2575 1085 2659 κατέρυκε
1104 2577 1152 2637 καὶ
1175 2575 1298 2656 ἔσχεθεν
1319 2575 1449 2658 ἱεμένους
1471 2602 1525 2658 περ

434 2740 466 2797 et
485 2732 666 2797 Pisistratus
686 2731 830 2798 Nestoris
849 2732 931 2798 filius
951 2731 1144 2816 indignatur,
1163 2732 1246 2815 quod
1267 2733 1482 2815 Telemachus,
1502 2732 1555 2816 qui
1574 2753 1644 2798 eum
1665 2740 1723 2800 tue-

433 2857 525 2914 antur
546 2855 636 2932 patre
659 2850 789 2915 absente
810 2869 872 2915 non
894 2849 1010 2914 habeat
1031 2851 1060 2931 4,
1084 2852 1150 2931 166,
1173 2851 1206 2912 7:

959 3017 1032 3083 οάδέ
1061 3018 1088 3082 οἶ
1123 3014 1207 3082 tillon

712 3118 763 3181 εἶδ’
784 3119 815 3180 o‘t'
831 3143 879 3180 κεν
898 3118 975 3180 κατοὶ
996 3118 1096 3199 δῆμον
1116 3113 1270 3178 ἀλάλκοιεν
1294 3114 1453 3199 κακότητα.

434 3275 440 3285 ’
515 3291 711 3356 Gravissima
732 3311 855 3374 quoque
877 3309 999 3374 semper
1020 3288 1152 3355 habetur
1171 3289 1257 3354 l'ama
1276 3290 1437 3375 popularis
1463 3294 1507 3373 lo,
1528 3293 1596 3371 238,
1617 3293 1636 3353 9

957 3457 1029 3522 οάδέ
1052 3484 1081 3523 τι
1108 3462 1208 3543 μήχος

685 3547 735 3641 ήεν
761 3554 934 3640 ἀνήνασθαι
954 3558 1071 3639 χαλεπή
1099 3560 1125 3620 δ’
1155 3556 1201 3638 ἔχε
1223 3552 1324 3639 δήμου
1350 3562 1456 3643 φῆμις.

437 3717 585 3798 (eompar.
607 3713 651 3779 Vl
672 3716 749 3795 350,
771 3715 854 3792 l.¹⁶)

516 3830 619 3912 Reges
647 3834 751 3893 autem
781 3826 834 3910 qui
870 3825 986 3910 populo
1019 3826 1103 3891 domi
1133 3826 1269 3909 bellique
1297 3827 1329 3890 iu
1363 3826 1507 3891 omnibus
1540 3826 1605 3892 iere
1639 3826 1732 3891 rebus

437 3951 605 4028 praeerant
626 3947 667 4026 (6,
690 3945 756 4026 196,
776 3946 811 4005 7:

871 4073 1012 4159 θυγάτηρ
1031 4072 1236 4158 μεγαλήτορος
1252 4071 1426 4151 Ἀλκινόοιο,

745 4178 800 4236 τοῦ
822 4174 878 4235 δ’ἐκ
901 4171 1046 4255 Φαιήκων
1068 4171 1165 4253 ἔχεται
1184 4168 1298 4254 κάρτος
1320 4196 1350 4234 τε
1370 4174 1423 4255 βίη
1445 4179 1488 4255 τε)

439 4347 555 4412 divites
576 4354 681 4428 erant,
700 4347 807 4429 itaque
828 4346 932 4413 Ulixis
954 4345 1086 4411 divitiae
1107 4346 1252 4411 laudibus
1274 4352 1423 4414 ornantur
1446 4350 1490 4427 14,
1510 4348 1644 4411 art-98:

513 4659 542 4690 ¹⁶
564 4657 652 4709 Aede
673 4658 720 4709 hae
737 4659 850 4725 populari
877 4658 944 4710 lama
967 4664 1085 4724 quantum
1111 4658 1148 4710 rel
1169 4660 1316 4710 (iraeoorum
1335 4658 1502 4723 antiquissimi
1521 4658 1638 4723 temporis
1656 4671 1735 4709 mores

441 4748 564 4799 adiuverit
589 4747 638 4798 vid.
657 4748 687 4797 li.
706 4749 730 4797 l'.
752 4748 876 4798 Hermann
896 4750 925 4805 8,
943 4750 983 4797 ⁸23.
1019 4746 1149 4812 Naegelsb.
1167 4747 1215 4808 VI,
1244 4752 1281 4798 17.
1321 4748 1455 4799 Praeterea
1473 4759 1578 4811 compar.
1603 4744 1735 4796 Gladstone

409 4900 418 4914 ,
441 4829 579 4901 (Sebastos)
598 4834 621 4886 S.
641 4838 699 4894 342,
716 4839 773 4887 343.
793 4908 798 4917 Ι
1481 4854 1483 4857 ·
