4000 5700
958 519 1154 615 ‚sr-

444 689 535 754 reges
552 670 645 736 simul
674 666 829 734 interdum
857 669 1002 734 existunt.
1045 670 1324 734 Luoulentissimus
1353 669 1395 734 ad
1421 669 1622 735 diffioultates
1641 669 1739 754 expli-

445 786 564 850 oandas
583 786 669 849 loous
689 789 737 850 est
758 784 788 849 II
809 785 869 846 559
889 790 921 848 et
936 786 1074 847 563-67
1095 785 1149 849 ubi
1171 785 1262 850 haeo:

695 931 728 994 oi*
743 934 770 993 δ’
789 927 895 1016 1ἰλργος
916 935 942 994 τ’
964 927 1047 1012 εἶχον
1073 930 1215 1014 Τι’ρυνθά
1236 957 1266 994 τε
1287 958 1311 995 κ.
1334 957 1360 995 τ.
1381 938 1406 995 λ.

693 1032 755 1091 τῶν
776 1017 843 1090 αόθ
865 1026 1021 1111 ἡγεμόνευε
1041 1030 1120 1110 βοὴν
1140 1028 1259 1112 ἀγαθός
1281 1026 1443 1111 Διομήδης

693 1127 740 1189 καὶ
762 1127 910 1200 Σθένελος
932 1129 1101 1209 Καπανῆος
1124 1124 1279 1210 ἀγαλειτοῦ
1304 1127 1393 1210 φιλος
1415 1123 1488 1200 υῗός.

693 1232 770 1286 τοῖσι
792 1226 818 1285 (λ’
838 1218 889 1304 ἀμ’
909 1221 1068 1307 Εὐρύαλος
1087 1224 1227 1302 τρίτατος
1250 1226 1307 1286 κίεν
1328 1223 1450 1297 ἰσόθεος
1472 1227 1540 1308 φῶς

693 1320 867 1402 Μηκιστέος
888 1320 954 1394 υἱός
976 1314 1177 1388 Ταλαιονίιλαο
1200 1317 1335 1394 ἄνακτος.

694 1416 882 1500 συμπάντων
903 1419 929 1479 δ’
950 1417 1048 1500 ἡγεῖτο
1068 1421 1148 1500 βοὴν
1168 1415 1288 1500 ἀγαθός
1309 1415 1479 1500 Διομήδης.

525 1574 604 1638 Tres
631 1574 727 1657 igitur
756 1573 851 1637 duees
880 1572 1081 1637 nominantur
1109 1593 1238 1655 quorum
1271 1578 1375 1636 tamen
1404 1571 1522 1655 primus
1550 1575 1581 1635 et
1604 1589 1742 1634 summus

448 1689 626 1754 Diomedes.
668 1689 778 1770 ltaque
792 1690 920 1791 navium
942 1687 1056 1752 indiois
1076 1688 1176 1752 looum
1199 1688 1227 1750 [Ι
1247 1689 1315 1768 645,
1334 1690 1392 1750 650
1411 1693 1443 1751 et
1467 1688 1497 1746 t:

685 1839 819 1917 Κρητῶν
839 1837 866 1896 d'
889 1833 1058 1914 Ἰδομενεὺς
1078 1860 1102 1897 κ.
1124 1860 1150 1897 τ.
1172 1839 1199 1895 λ.

685 1936 745 1994 τῶν
765 1932 820 2012 μὲν
840 1928 887 2010 ἀρ’
909 1930 1074 2012 Ἰιλομενεός
1093 1933 1290 2013 δουρικλυτός
1311 1929 1482 2014 ἡγεμόνευεν

686 2026 847 2110 Μηριόνης
867 2031 893 2090 τ’
914 2027 1083 2102 ἀτάλαντος
1103 2027 1251 2113 Ἐνυαλίῳ
1273 2026 1474 2112 ἀνδρειφόντῃ

447 2182 539 2246 nobis
557 2181 716 2264 explicant
736 2180 797 2244 looi
819 2180 898 2244 xlu
918 2183 993 2243 246:

695 2326 856 2410 Μηριόνης
878 2329 904 2388 d’
927 2325 987 2410 ἀρα
1009 2327 1037 2390 oi
1054 2326 1198 2410 θεράιτιυν
1219 2330 1268 2400 εἰλς
1288 2327 1485 2410 ἀντεβόλησεν

447 2487 478 2545 et
498 2460 578 2545 Xili
598 2483 666 2561 452,
688 2481 715 2542 3.
752 2478 838 2543 Dioit
859 2478 942 2542 enim
967 2479 1150 2544 idomeneus

671 2627 848 2689 Δευκαλίων
869 2628 895 2686 d’
912 2626 963 2706 ἐμὲ
983 2627 1060 2688 τόιτε
1083 2627 1203 2690 πολέσσ’
1224 2623 1384 2711 ἀνόρεσοιν
1403 2623 1516 2691 ἀνακτα

673 2721 786 2807 Κρήτη
807 2724 838 2784 ἓν
859 2721 963 2808 εὐρείῃ.

525 2877 594 2954 Qua
624 2896 658 2941 re
688 2883 854 2960 perspecta
879 2895 941 2941 non
970 2876 1183 2943 dubitabimus
1212 2878 1287 2959 quin
1318 2876 1501 2943 Idomeneus
1526 2898 1581 2943 rex
1602 2897 1738 2943 summus

445 2992 546 3055 tuerit.
588 2990 729 3074 Sarpedo
751 3010 874 3078 quoque
896 2998 927 3056 et
947 2992 1085 3057 Glaucus
1106 2992 1271 3075 Lyciorum
1292 3011 1382 3075 reges
1402 2993 1643 3057 nominanturlt
1665 2995 1739 3055 876:

644 3140 816 3221 Σαρπηιλιόν
837 3141 864 3200 d’
887 3129 978 3222 ἦρχεν
996 3141 1126 3203 Λυκίων
1147 3141 1193 3201 καλ
1217 3144 1351 3214 Ιλαῦκος
1366 3138 1498 3221 ἀμόμων

446 3311 547 3373 noque
568 3290 713 3355 differunt
731 3290 886 3373 dignitate
908 3291 986 3355 loeis
1014 3291 1079 3355 ΧΠ
1097 3294 1169 3374 310,
1200 3296 1232 3353 11
1262 3300 1293 3357 et
1313 3294 1387 3375 318,
1406 3294 1439 3373 93
1469 3292 1525 3357 sed
1548 3312 1655 3357 versus
1676 3292 1740 3355 XII

452 3410 562 3467 tot-t
587 3404 721 3488 probant
732 3404 947 3488 Sarpedonem
967 3407 1070 3489 magis
1090 3408 1226 3471 valuisse
1238 3414 1268 3472 et
1283 3407 1465 3472 fortitudine
1484 3413 1525 3490 et,
1546 3408 1579 3471 ni
1593 3407 1739 3487 fallimur,

446 3524 601 3603 potestate
675 3570 680 3584 .

647 3635 819 3717 Σαριτηιλιόν
840 3637 865 3695 d’
888 3633 1014 3717 όγησατ’
1037 3634 1216 3718 ἀγακλειτῶν
1236 3634 1411 3719 ε’τιικυόριυν,

643 3733 721 3812 πρός
743 3733 769 3792 d’
790 3731 870 3794 {tero
894 3736 1031 3794 Γλαῦκον
1043 3735 1090 3794 καὶ
1105 3731 1226 3816 Ἀρήιον
1242 3732 1464 3817 Ἀστεροπαῖον,

644 3828 671 3891 οἱ
691 3827 748 3911 γάρ
769 3828 796 3890 oi
816 3828 934 3891 εἶλταντο
955 3831 1109 3914 ιλίακριιλόν
1129 3826 1200 3893 εἶναι
1222 3828 1341 3914 ἄριστοι

647 3930 708 3989 τῶν
729 3922 828 3993 ἀλλων
848 3925 925 4007 μετά
945 3930 969 4010 y’
987 3925 1081 3990 αὐτόν
1100 3928 1117 3990 ό
1139 3930 1165 3989 d'
1189 3927 1291 4013 εἰτρειτε
1310 3930 1357 3991 καλ
1380 3931 1430 3991 bid
1450 3926 1581 3992 ιτάντιυν.

523 4081 624 4144 Maior
645 4078 760 4144 deinde
787 4076 900 4142 dueum
927 4078 1120 4162 perturbatio
1148 4078 1233 4160 apud
1250 4077 1459 4143 Athenienses
1487 4078 1610 4143 videtur
1630 4078 1739 4142 tuisse.

444 4196 591 4277 Legimus
619 4194 702 4258 enim
724 4192 847 4255 11546:

825 4340 858 4402 oi*
871 4343 898 4402 (λ’
917 4337 964 4423 ἀρ’
980 4338 1116 4423 Ἀθήνας
1137 4336 1217 4421 εἶχον
1237 4366 1261 4403 κ.
1283 4366 1309 4405 τ.
1332 4345 1358 4403 λ.

395 4497 400 4504 “
442 4501 474 4561 et
494 4498 568 4559 552:

387 4944 401 4978 t

728 4648 790 4707 τῶν
807 4634 881 4705 αὖθ’
901 4640 1052 4724 ἡγεμόνευ’
1073 4642 1138 4714 υἱός
1159 4645 1282 4705 Πετεῶο
1307 4644 1485 4715 Marso-‘hoc

345 4810 355 4819 ·
443 4796 507 4859 alia
527 4816 601 4861 vero
620 4796 699 4861 Xlll
723 4798 787 4880 195,
807 4798 841 4859 6:
