4000 5700
915 510 951 572 41

288 660 388 726 tiones
409 695 441 704 ω
465 679 528 723 non
548 658 613 721 alia
632 662 681 722 est
700 662 794 738 atque
815 656 890 722 illae
910 676 992 738 quae
1011 657 1210 723 inveniuntur
1229 657 1262 721 in
1291 657 1500 741 sepuloromm
1520 677 1583 720 mo-

287 773 452 839 numentis.
492 771 737 856 Babyloniorum
761 791 884 853 quoque
913 776 944 836 et
964 770 1162 854 Assyriorum
1182 770 1380 855 splendorem
1412 771 1584 836 ornationis

288 895 371 954 artes
398 888 559 952 imitantur
587 893 618 952 et
637 886 882 970 Agamemnonis
909 885 1072 950 thesaums
1096 885 1231 968 vestigia
1256 886 1410 970 parietum
1429 865 1509 952 aere
1537 905 1584 951 ar-

287 982 551 1085 dentium'usque
578 1001 620 1066 ad
646 1007 786 1067 nostrum
817 1006 940 1085 tempus
967 1000 1132 1082 servavit..
1152 999 1349 1082 (O.-Mttller,
1375 999 1499 1066 Handb.
1529 999 1585 1065 der

285 1118 431 1184 Arenaol.
453 1117 510 1184 der
529 1117 641 1183 Kunst.
658 1117 718 1183 111.ι
736 1115 816 1182 Aufl.
839 1119 868 1196 ξ.
880 1117 928 1179 49.
969 1114 1098 1197 Lttbke,
1116 1113 1230 1182 Geseh.
1247 1113 1303 1180 der
1323 1113 1441 1180 Arehit.
1461 1116 1488 1181 3.
1501 1113 1582 1180 Aufl.

287 1253 318 1317 p.
349 1236 405 1296 roo
433 1253 505 1298 ann.
528 1233 571 1313 e.)

366 1370 477 1450 Neque
498 1369 601 1433 minus
622 1368 774 1450 originem
797 1367 970 1432 Asiaticam
998 1366 1177 1447 columnae,
1204 1385 1286 1449 quae
1313 1367 1346 1430 in
1375 1366 1475 1450 primo
1497 1366 1585 1432 aditu

288 1491 360 1549 sunt
379 1483 542 1565 inventae,
571 1487 602 1546 et
623 1482 725 1547 eolore
736 1482 833 1570 ‚vano
854 1487 886 1547 et
905 1487 1016 1546 omatu
1043 1480 1272 1563 formarumque
1289 1481 1420 1546 mollitie
1438 1481 1582 1565 produnt.

289 1597 383 1680 (Vide
403 1597 489 1683 apud
507 1597 671 1664 Ltibkeum
693 1597 868 1662 eolumnam
890 1595 1049 1681 depietam
1070 1596 1103 1659 in
1128 1597 1248 1680 pagina
1269 1597 1382 1678 eitata,
1409 1596 1459 1662 eui
1480 1615 1586 1662 nume-

288 1734 356 1779 mm
375 1716 414 1776 64
435 1711 626 1796 adseripsit)
667 1712 769 1791 Quam
793 1713 834 1778 ob
854 1731 982 1778 eausam
1003 1717 1108 1777 oetera
1129 1731 1253 1794 quoque
1273 1709 1387 1777 rudera
1407 1711 1448 1778 ab
1468 1710 1583 1794 lllgino

288 1828 342 1893 illo
363 1829 431 1894 loeo
452 1828 594 1910 inventa,
623 1827 740 1912 optime
759 1827 929 1911 Phrygiam
951 1825 1087 1911 patriam
1107 1825 1245 1910 profiteri
1273 1825 1444 1909 oredimus,
1469 1825 1524 1892 ubi
1545 1827 1584 1892 si·

288 1942 377 2012 miles
392 1941 603 2026 sepuloromm
625 1946 849 2007 exstmotomm
874 1940 991 2007 frontes
1018 1945 1125 2007 nostro
1147 1955 1270 2024 quoque
1290 1946 1429 2025 tempore
1451 1947 1585 2007 exstant.

288 2056 397 2138 (Erseh
435 2055 501 2122 und
534 2055 670 2138 Gmber,
709 2055 842 2138 lineykl.
875 2055 1026 2135 Bursian,
1061 2054 1173 2121 Gesoh.
1214 2054 1269 2120 der
1301 2054 1426 2121 Grieoh.
1459 2055 1582 2122 Plastik

289 2193 320 2256 p.
341 2173 422 2253 393.)

369 2307 473 2390 Reges
491 2305 587 2388 igitur
606 2305 751 2389 Pelopei,
771 2325 901 2387 quorum
920 2306 994 2371 urbs
1012 2305 1214 2391 Myeenamm
1234 2312 1373 2390 tempore
1394 2307 1520 2374 heroioo
1539 2307 1585 2372 iu-

291 2428 339 2487 ter
357 2422 494 2488 Graeeos
512 2441 575 2486 non
597 2422 700 2486 minus
728 2421 886 2486 eminebat
912 2441 1007 2504 quam
1034 2421 1149 2487 artium
1178 2421 1353 2488 florentium
1374 2427 1479 2489 aetate
1494 2422 1584 2507 ipsae

289 2536 434 2601 Athenae
455 2535 502 2616 (E.
523 2535 663 2615 Curtius,
699 2535 805 2619 Pelop.
829 2537 911 2620 Hp.
932 2537 1015 2616 401.)
1044 2536 1202 2621 peregrini
1229 2542 1301 2602 sunt
1325 2537 1379 2621 qui
1403 2536 1525 2603 divitiis
1553 2544 1585 2603 et

290 2651 410 2716 artibus
430 2650 565 2734 patriam
591 2649 791 2716 emditiorem
811 2650 925 2732 (Gurt,
952 2650 1005 2717 Gr.
1028 2650 1140 2717 Gesoh.
1162 2653 1178 2716 Ι
1198 2653 1272 2734 288,
1297 2652 1369 2732 416)
1395 2651 1492 2718 tuisse
1514 2673 1583 2737 pro-

288 2766 373 2832 bant.
413 2766 524 2848 Itaque
543 2764 746 2849 intelligimus
767 2784 821 2830 eur
842 2764 875 2828 hi
897 2785 988 2849 reges
1008 2765 1181 2851 peregrini,
1208 2765 1322 2849 quibus
1341 2765 1500 2852 Lydorum
1526 2767 1600 2846 lin,-›

288 2901 352 2965 gua
372 2887 574 2965 tyrannorum
593 2901 705 2947 nomen
727 2881 910 2966 adscripsit,
931 2882 995 2947 alia
1016 2888 1171 2968 potestate
1192 2882 1327 2968 praediti
1349 2884 1445 2950 fuisse
1471 2883 1584 2951 debue-

287 2995 359 3061 rint.
400 2995 540 3079 Myeenis
567 2996 651 3061 enim
678 3016 783 3079 regem
813 2996 909 3061 fuisse
937 3016 1065 3062 neeesse
1095 3002 1143 3062 est
1169 2996 1290 3064 divitiis
1311 2999 1457 3064 maximis
1478 3000 1584 3066 valen-

290 3115 401 3176 temet
420 3110 526 3175 multis
542 3111 655 3192 servis,
676 3112 788 3193 quibus
809 3113 902 3177 rebus
919 3113 1103 3196 peregrinus
1119 3114 1265 3198 prinoeps
1287 3134 1324 3179 eo
1343 3114 1467 3181 faeilius
1487 3116 1584 3183 Grae-

291 3246 395 3292 eorum
416 3226 607 3291 exereituum
636 3246 773 3291 summus
800 3225 864 3291 dux
890 3227 1025 3293 existere
1051 3233 1190 3313 poterat,
1218 3229 1300 3312 quod
1329 3251 1431 3297 mores
1458 3230 1584 3297 eruditi-

291 3361 359 3407 ores
380 3362 443 3407 non
464 3346 536 3407 sunt
555 3340 741 3423 seiungendi
765 3362 786 3405 a
810 3343 928 3408 maiore
949 3349 1016 3409 arte
1036 3343 1173 3409 militari.
1215 3344 1282 3410 Nos
1309 3352 1414 3410 autem
1434 3345 1527 3412 rebus
1546 3345 1586 3412 de

290 3457 526 3539 Agamemnone
547 3456 713 3539 explieatis
730 3456 770 3521 ob
791 3476 862 3521 eam
882 3477 1009 3523 oausam
1030 3478 1183 3523 summum
1202 3466 1392 3526 momentum
1412 3461 1586 3544 tribuimus,

291 3571 374 3654 quod
395 3571 428 3636 hi
450 3577 571 3635 tantum
592 3590 681 3653 reges
703 3570 767 3635 alia
787 3577 942 3654 potestate
960 3571 1039 3638 duos
1059 3574 1186 3638 Homeri
1209 3574 1293 3640 loeus
1312 3562 1480 3659 explicarit.
1521 3576 1585 3642 Me-

288 3688 398 3753 nelaus
420 3687 504 3752 enim
525 3686 650 3754 Ulixem
670 3685 840 3752 donaturus
862 3693 910 3753 est
930 3688 1006 3753 urbe
1027 3692 1055 3768 4,
1082 3692 1227 3751 til-l:

528 3906 581 3967 καί
597 3905 630 3967 κέ
649 3904 676 3967 oi
691 3900 793 3986 Ἄργεϊ
818 3902 917 3967 νάσσα
935 3904 1023 3968 πόλιν
1050 3908 1098 3968 καὶ
1125 3905 1242 3988 δώματ’
1264 3907 1367 3983 ἔτευξα

529 4004 560 4077 ἐξ
580 4000 702 4084 Ἰθάκης
720 3999 842 4084 ἀγαγών
858 4003 916 4064 orie
937 4001 1069 4083 κτήμασι
1092 4005 1140 4065 καὶ
1162 3991 1280 4091 uderipi

529 4124 555 4161 κ.
575 4124 602 4163 τ.
626 4103 690 4163 l.²⁶

371 4322 566 4404 Agamemno
586 4321 619 4386 in
640 4320 741 4387 Iliade
761 4319 871 4386 eadem
889 4321 1006 4385 Aehilli
1027 4321 1180 4406 promittit
1203 4323 1250 4389 IX
1274 4326 1345 4406 149,
1370 4327 1510 4391 153-6:

364 4634 394 4665 2⁶
417 4635 470 4685 Non
489 4632 654 4698 intelligimus
673 4647 716 4685 eur
734 4633 865 4685 Menelaus
883 4635 1024 4698 promiserit
1041 4648 1104 4699 quae
1121 4649 1245 4699 nunquam
1264 4636 1296 4686 sit
1321 4635 1445 4704 iaetums3
1469 4638 1495 4686 in
1513 4635 1585 4687 fabu-

175 4722 185 4739 ⁰
291 4719 370 4772 larum
391 4725 499 4775 earmina
515 4727 589 4789 poeta
603 4738 650 4773 non
673 4725 754 4773 omnia
776 4721 949 4773 movendomm
972 4724 1109 4774 animorum
1139 4738 1215 4775 eausa
1235 4722 1343 4775 fabulari
1366 4727 1448 4790 potest
1471 4738 1585 4787 -quae

294 4806 410 4873 leguntur
425 4810 492 4876 apud
508 4808 604 4863 Ameis.
624 4811 684 4865 edit.
703 4813 730 4863 in
746 4826 804 4878 pag,
822 4814 878 4863 102.
