4000 5700
1056 518 1095 579 20

510 617 619 732 lliadis
637 668 721 733 enim
734 668 819 731 locus
839 665 902 730 Xll
923 668 976 728 211
988 671 1087 728 -15ε

1032 815 1102 877 οὐδὲ
1125 813 1213 877 ἔοικεν

808 914 907 992 δῆμον
927 910 1016 974 {trra
1036 913 1129 993 παρὲξ
1149 909 1324 994 ἀγορεύεμεν

428 1065 528 1129 virum
549 1065 589 1129 de
612 1065 704 1148 plebe
725 1062 853 1128 obeam
873 1064 1069 1147 potissimum
1091 1081 1249 1140 caussam,
1277 1062 1303 1125 si
1333 1063 1426 1127 stulte
1453 1065 1504 1128 vel
1525 1065 1631 1147 inique
1652 1086 1720 1148 pro-

428 1181 507 1244 ferat
535 1180 708 1243 orationem
735 1179 906 1261 vituperat,
934 1183 1028 1260 atque
1049 1177 1209 1241 Thersites
1238 1197 1300 1240 non
1328 1178 1400 1242 ideo
1428 1178 1552 1243 ridetur
1571 1180 1721 1263 vapulare

429 1294 512 1377 quod
532 1294 667 1375 loquitur
688 1294 743 1357 sed
765 1293 848 1374 quod
871 1293 999 1375 indigne
1021 1293 1052 1356 iu
1072 1312 1161 1375 reges
1179 1293 1350 1372 invehitur3
1372 1300 1510 1357 attamen
1530 1294 1591 1377 ipsi
1610 1295 1722 1358 Graeci

430 1409 555 1474 Ulixem
577 1407 722 1471 laudibus
743 1409 792 1472 vel
820 1428 972 1472 summum
999 1410 1066 1473 eius
1092 1409 1208 1472 lactum
1235 1408 1434 1490 praedicant,
1463 1407 1547 1490 quod
1568 1409 1725 1472 hominem

428 1523 616 1588 maledicum
638 1529 793 1586 tacentem
813 1523 984 1588 reddiderit
1008 1524 1036 1587 ll
1056 1526 1125 1604 274,
1145 1527 1179 1584 5:

688 1642 740 1698 νῦν
759 1638 791 1698 δὲ
809 1635 878 1699 τόδε
897 1637 960 1719 μέγ’
982 1618 1108 1719 ἄριστον
1127 1637 1158 1696 ἓν
1171 1634 1345 1718 Ἀργείοισιν
1368 1633 1460 1717 δ’ρεξεν

689 1733 724 1808 tr
745 1737 798 1797 λδν
820 1739 985 1818 λωβητῆρα
1006 1731 1169 1813 ἐπὲσβολον
1191 1735 1252 1815 ἔσχ’
1272 1733 1458 1817 dyoodror.¹⁴

511 1887 660 1952 Concioni
683 1891 797 1970 autem,
818 1889 868 1951 cui
890 1888 961 1971 ipsa
984 1888 1109 1952 lustitia
1129 1887 1191 1952 dea
1209 1892 1334 1970 praeest
1355 1888 1383 1965 2,
1404 1887 1452 1966 68,
1472 1887 1526 1946 69:

777 2036 940 2115 Ι.λι’σσομαι
964 2074 999 2083 -
1022 2075 1060 2082 -
1079 2075 1117 2083 -
1140 2073 1178 2083 —-
1203 2034 1364 2115 Θέμιστος,

717 2129 761 2215 ἣτ’
782 2131 902 2215 ἀνδρῶν
922 2132 1036 2216 ἀγορὰς
1056 2131 1129 2215 ἠμὲν
1150 2129 1210 2194 λύει
1230 2131 1283 2214 ἠδὲ
1302 2132 1416 2208 καθίζει

429 2304 549 2348 summa
569 2284 618 2347 vis
638 2283 804 2348 tribuenda
825 2290 881 2347 est.
922 2283 994 2346 Non
1022 2284 1104 2346 enim
1133 2283 1200 2347 sola
1226 2283 1354 2347 foedera
1385 2280 1539 2361 ineunda,
1562 2281 1727 2364 pactiones

428 2399 592 2462 faciendae
613 2398 654 2461 ad
675 2398 840 2462 concilium
860 2403 1012 2480 spectant.
1055 2397 1164 2462 Ulixes
1186 2404 1218 2462 et
1239 2397 1399 2462 Menelaus
1420 2415 1490 2460 cum
1511 2401 1634 2479 sceptro
1655 2416 1725 2478 pro-

310 2592 320 2607 s
429 2519 585 2597 ponuntur
615 2512 778 2595 loquentes
806 2513 838 2574 in
862 2497 1068 2576 Troianorum
1089 2513 1237 2577 concione
1263 2519 1390 2596 propter
1412 2511 1563 2575 Helenam
1587 2511 1631 2573 lll
1652 2511 1726 2578 206:

428 2632 479 2689 σεῦ
505 2628 572 2689 ἕνεκ’
594 2624 727 2708 ἀγγελίης
747 2632 779 2691 et
798 2627 846 2690 XI
860 2628 1010 2699 139—413
1037 2647 1128 2708 quae
1141 2627 1252 2692 ldaeus
1272 2646 1423 2710 responsa
1444 2626 1556 2690 referat
1578 2624 1619 2689 ab
1634 2625 1722 2688 Achi-

428 2744 486 2825 viS,
507 2762 598 2825 quem
619 2742 767 2805 miserant
789 2741 828 2805 de
851 2741 986 2805 induciis
1007 2741 1162 2824 ineundis,
1182 2743 1312 2807 Troiani
1333 2742 1365 2805 in
1387 2741 1536 2806 concione
1557 2744 1718 2823 expectant

429 2859 505 2922 Vlll
527 2860 661 2919 ltu-c:

627 3007 654 3070 oi
673 3007 699 3067 δ’
727 3007 786 3069 ἕατ’
809 3009 849 3068 εἶν
869 3005 965 3091 α’γορῇ
990 3011 1096 3089 Τρῶες
1116 3008 1163 3069 καὶ
1187 3008 1407 3091 Δαρδανίωνες

624 3103 734 3179 πάντες
752 3104 915 3188 ὁμηγέρεες,
934 3106 1140 3189 ποτιδέγμενοι
1162 3101 1269 3168 ὁπποῖ’
1290 3104 1336 3186 ἄρ’
1358 3104 1444 3169 ἔλθοι

627 3200 736 3276 Ἰδαῖος
1205 3226 1208 3233 ·

427 3364 459 3418 et
480 3354 618 3418 Achilles
639 3373 709 3417 cum
729 3355 962 3436 Agamemnone
985 3355 1017 3417 in
1037 3355 1172 3437 gratiam
1192 3355 1274 3419 redit
1297 3375 1400 3420 coram
1423 3356 1621 3420 inconcione
1641 3355 1721 3419 XIX

426 3473 474 3550 34,
497 3469 763 3551 5;45;115-69;
791 3470 918 3531 itt-t.
1024 3523 1029 3533 .

508 3587 614 3665 ltaque
637 3603 770 3666 magnus
790 3604 912 3665 quoque
933 3584 1030 3649 honor
1049 3604 1091 3649 ex
1109 3586 1258 3649 concione
1279 3586 1461 3669 repetiturl
1484 3587 1552 3666 490,
1577 3588 1588 3645 1

676 3729 744 3795 οδτι
761 3736 827 3795 ποτ’
856 3735 895 3806 εἷς
923 3731 1037 3815 ἀγορὴν
1062 3732 1228 3795 πωλέσκετο
1255 3732 1441 3817 κυδιάνειραν

625 3855 629 3863 ‘
677 3827 744 3893 οὔτε
766 3832 832 3893 ποτ’
851 3828 880 3903 ἒς
901 3828 1049 3910 πόλεμον·

427 3989 458 4045 et
480 3981 544 4044 alia
565 4001 627 4045 vox
643 3981 775 4045 ornandi
797 4001 893 4045 causa
913 3982 1060 4047 adiicitur
1081 3985 1108 4060 2,
1134 3986 1206 4045 rto:

569 4172 576 4177 -
646 4128 708 4191 ἀλλ’
728 4125 776 4192 ὅτε
798 4132 837 4211 δὴ
858 4129 974 4212 με’σσην
994 4129 1107 4213 οἷγορην
1138 4129 1321 4216 πολύφημον
1347 4130 1478 4212 ἱκέσθην.

506 4284 608 4361 Quam
628 4281 669 4347 ob
689 4300 815 4345 causam
836 4282 951 4345 Nestor
971 4302 1089 4347 summe
1110 4281 1264 4363 laudatur,
1284 4283 1337 4364 qui
1354 4282 1445 4346 melle
1467 4282 1588 4346 dulcius
1605 4281 1721 4363 (1249)

427 4398 611 4479 loquebatur
631 4398 646 4461 l
665 4399 739 4459 248:

457 4677 460 4683 .
500 4640 527 4669 ¹⁴
550 4637 599 4687 Sed
618 4639 716 4688 omnino
733 4645 814 4689 noster
824 4640 862 4688 vir
879 4638 1005 4705 popularis
1024 4637 1109 4709 (Ernst
1129 4640 1228 4691 Curtius
1246 4656 1281 4705 gr.
1293 4640 1402 4692 Gcsch.l
1421 4656 1444 4705 p.
1458 4639 1518 4701 124)
1537 4639 1614 4689 nobili
1632 4653 1721 4703 genere

427 4734 508 4785 uatus
527 4733 630 4776 —erat
648 4730 713 4776 enim
724 4729 795 4791 Agrii
814 4729 888 4784 fitius,
906 4726 1057 4793 cuiuspitcr
1076 4737 1113 4777 est
1126 4728 1247 4779 Portheus
1266 4745 1310 4779 rex
1321 4727 1472 4795 Calydonius
1492 4724 1554 4777 XVI
1574 4731 1720 4777 115—7—

427 4815 454 4862 in
471 4813 591 4863 nobilium
608 4829 708 4864 numero
720 4823 758 4864 est
770 4814 905 4872 habendus,
923 4817 1006 4879 itaque
1022 4816 1053 4864 ab
1063 4814 1134 4864 Ulixe
1143 4820 1241 4865 vocatur
1254 4812 1385 4886 λιγύεπερ
1406 4811 1459 4863 ἐών
1474 4808 1603 4885 ἀγορίμηε
1619 4814 1644 4864 ΙΙ
1663 4816 1722 4863 alc.
