4000 5700
1064 533 1103 596 22

436 704 533 768 equus
553 685 743 750 thivomm
763 688 812 748 est
831 683 974 747 admotus
994 685 1030 764 8,
1049 685 1126 763 502,
1146 683 1182 742 3:

673 832 719 893 τοὶ
740 832 766 891 d’
786 826 845 912 ἤδη
864 867 904 874 -
925 869 961 876 -
983 867 1023 874 -

673 929 742 991 εἵατ’
769 929 808 990 ε’νὶ
832 924 952 1011 Τρώιον
973 925 1070 1012 ἀγορῇ
1098 927 1311 1008 κεκαλυμμένοι
1327 927 1430 1012 ἵππῳ·

434 1108 527 1184 atque
548 1107 665 1166 eertum
687 1099 844 1182 quoddam
867 1099 1072 1164 Troianorum
1099 1098 1199 1176 forum
1219 1099 1331 1182 probat
1352 1098 1387 1162 Il.
1409 1098 1495 1163 loeus
1510 1099 1569 1163 VII
1594 1101 1661 1162 345.

516 1217 624 1299 Itaque
641 1235 703 1279 non
725 1215 873 1279 miramur
892 1213 1029 1278 Aebivos
1051 1213 1178 1278 Troiam
1206 1213 1315 1277 deoem
1337 1233 1436 1278 annos
1457 1213 1637 1279 obsidentes
1658 1234 1728 1279 oon-

436 1331 579 1395 eionibus
600 1336 717 1395 eertum
736 1329 847 1412 locum,
867 1329 967 1394 ibrum
984 1328 1079 1411 igitur
1099 1327 1160 1392 sibi
1181 1327 1315 1411 elegisse
1337 1329 1384 1393 XI
1406 1329 1541 1391 806--8ε

634 1497 698 1560 ἀλλ’
719 1493 768 1561 ὅτε
793 1499 832 1580 δὴ
850 1500 926 1560 κατὰ
949 1501 1022 1571 udor
1047 1495 1216 1578 Ὀδυσσῆος
1240 1498 1336 1560 θείοιο

634 1590 675 1670 ἷξε
695 1595 779 1658 θέων
796 1592 986 1675 Πάτροκλος,
1003 1595 1055 1656 ἵνα
1076 1596 1129 1678 σφ’
1147 1591 1243 1676 ἀγορή
1263 1618 1293 1656 τε
1313 1593 1403 1673 θέμις
1423 1619 1454 1656 τε

634 1686 697 1774 ἤην,
720 1696 758 1778 τῇ
780 1693 819 1774 δὴ
839 1694 891 1754 κατ’
908 1717 964 1776 σφε
986 1695 1069 1754 θεῶν
1090 1689 1264 1772 ἐτετεύχατο
1287 1693 1449 1772 βωμοί-
1469 1732 1508 1739 -
1529 1730 1569 1739 -

512 1879 623 1961 Neque
641 1885 746 1943 tamen
767 1879 866 1944 forum
884 1879 986 1962 magis
1015 1877 1142 1944 valebat
1162 1897 1256 1960 quam
1269 1879 1400 1959 boneio,
1422 1897 1520 1960 quae,
1543 1877 1657 1941 sideri
1678 1897 1730 1941 ne-

435 1998 627 2074 eesseerat,
657 1993 730 2057 aliis
750 2013 872 2075 quoque
892 1992 969 2058 loeis
988 1991 1178 2072 habebatur,
1206 1997 1240 2056 ut
1260 1992 1368 2057 eonoio
1390 1991 1596 2056 Troianomm
1614 1991 1730 2056 bellum

435 2114 508 2171 ante
542 2107 649 2172 urbem
676 2108 851 2190 gerentium
886 2106 963 2172 VIII
996 2108 1073 2185 489,
1114 2109 1168 2187 90;
1196 2106 1306 2171 XVIII
1336 2109 1410 2189 2453
1447 2106 1636 2172 Achivorum
1671 2105 1732 2170 VII

434 2222 488 2284 381
502 2224 575 2286 -3,
595 2292 612 2304 .

514 2338 576 2402 Res
597 2336 752 2420 quomodo
772 2336 806 2400 in
833 2337 981 2402 eonoione
1001 2341 1148 2420 peractae
1172 2335 1250 2420 sint,
1278 2335 1318 2400 de
1341 2336 1507 2402 Germanis
1528 2335 1632 2404 Taoiti
1655 2356 1730 2418 quo-

434 2473 494 2536 que
514 2452 652 2517 narratio
674 2451 799 2515 videtur
819 2451 931 2516 dooere
948 2472 1017 2534 oap.
1042 2454 1074 2512 11
1101 2451 1289 2516 Germaniae
1313 2451 1373 2532 (ed.
1398 2451 1457 2515 Iao.
1480 2451 1621 2532 Grimm.)
1666 2451 1729 2534 „Ut

432 2568 543 2633 turbae
570 2562 690 2650 placuit
716 2565 881 2631 considunt
902 2566 1014 2630 armati
1041 2602 1078 2612 -
1113 2603 1152 2611 —
1192 2566 1266 2631 Mox
1292 2585 1346 2630 rex
1374 2565 1424 2630 vel
1452 2565 1613 2649 princepe,
1640 2573 1731 2649 prout
1788 2645 1792 2656 ι

433 2688 521 2747 aetas
541 2682 668 2764 auique,
690 2686 781 2765 prout
801 2681 964 2763 nobilitas,
986 2687 1077 2764 prout
1098 2667 1194 2744 denus
1215 2679 1375 2763 bellorum,
1397 2685 1489 2763 prout
1505 2679 1653 2744 faeundia
1674 2687 1725 2760 est,

432 2797 608 2872 audiuntur⁸
621 2795 806 2861 auctoritate
829 2794 983 2862 suadendi
1003 2795 1105 2879 magis
1133 2815 1227 2879 quam
1247 2793 1375 2861 iubendi
1403 2799 1567 2879 potestate.
1610 2794 1644 2861 Si
1667 2794 1724 2859 dis-

433 2913 543 2997 pliouit
564 2912 719 2977 sententia
740 2912 864 2977 fremitu
885 2918 1101 2996 aspernantur,
1122 2913 1171 2977 sin
1192 2912 1325 2996 planum,
1347 2910 1483 2975 frameas
1503 2910 1710 2977 eoneutiunt.“

511 3029 614 3109 Atque
634 3046 668 3091 re
693 3032 770 3092 vera
786 3027 975 3092 Graecorum
993 3010 1115 3109 qnoque
1138 3025 1322 3106 sedentium,
1333 3024 1441 3090 XVIII
1453 3028 1580 3107 irs-7,
1594 3026 1643 3107 (E.
1656 3026 1730 3091 Cur-

432 3144 509 3226 tius‚
534 3164 580 3226 gr.
608 3142 720 3208 Gesoh.
746 3164 777 3227 p.
807 3145 875 3223 124)
904 3141 1028 3206 videtur
1052 3140 1149 3205 fuisse
1172 3141 1223 3205 vel
1251 3139 1440 3205 assentando
1473 3141 1672 3223 aequiesoere
1696 3140 1730 3204 in

431 3257 584 3341 principis
599 3257 650 3321 vel
672 3257 755 3339 regis
777 3244 1021 3321 contionabundi
1043 3255 1212 3337 sententia,
1239 3255 1290 3321 vel
1319 3260 1428 3320 eontra
1447 3255 1518 3319 illos
1539 3255 1729 3320 tumultuari.

431 3372 580 3454 Legimus
600 3371 684 3437 enim
705 3370 766 3435 VII
790 3373 847 3433 403
870 3375 902 3435 et
923 3371 971 3477 III¹
988 3373 1043 3432 50:

657 3515 700 3593 ὣς
721 3516 814 3603 ἔφαθ’
836 3517 863 3580 οἱ
883 3520 910 3579 d'
930 3514 990 3599 dion
1010 3516 1118 3591 πάντες
1137 3518 1262 3598 ἐπίαχον
1281 3510 1339 3591 οἶες
1357 3515 1492 3597 Ἀχαιῶν

656 3621 763 3697 μῦθον
783 3614 985 3700 ἀγασσάμενοι

432 3791 556 3856 Similia
577 3791 606 3854 II
628 3792 701 3873 333,
721 3792 780 3854 394
800 3796 831 3854 ei
853 3789 930 3853 VIII
951 3790 1024 3871 5423
1051 3788 1159 3853 XVIII
1177 3790 1253 3851 310:

699 3934 742 4013 (ὃς
757 3933 874 4020 Ἕκτωρ
896 3935 1012 4021 ἀγόρευ’
1035 3938 1080 3999 ἐπὶ
1111 3938 1143 3999 δὲ
1167 3941 1271 4021 Τρῶες
1296 3934 1469 4019 κελάδησαν.

513 4124 669 4189 Interdum
690 4131 831 4189 tacentes
851 4144 973 4206 quoque
993 4124 1235 4189 assentabantur
1254 4124 1340 4187 velut
1355 4124 1373 4213 I
1397 4125 1445 4205 22,
1465 4126 1499 4187 3:

730 4271 794 4334 ἕνθ’
817 4268 902 4335 ἄλλοι
922 4273 978 4354 μὲν
994 4271 1104 4347 πάντες
1125 4271 1343 4356 ἐπευφήμησαν
1358 4270 1475 4353 Ἀχαιοὶ

729 4371 881 4433 αἰδεῖσθαι
899 4372 933 4433 θ’
955 4370 1038 4455 ἱερῆα
1058 4396 1082 4433 κ.
1105 4398 1130 4434 τ.
1153 4377 1178 4433 λ.

430 4546 556 4628 saepius
579 4551 682 4609 autem
703 4564 737 4609 re
754 4529 920 4627 explicata,
942 4544 1098 4608 sententia
1117 4550 1198 4609 oerte
1222 4566 1243 4608 a
1268 4544 1443 4609 tacentibus
1464 4542 1597 4627 probata
1618 4543 1725 4608 oonoio

428 4659 561 4724 mittitur
581 4659 668 4723 nulla
690 4679 723 4724 re
742 4664 905 4742 praeterea
925 4658 1036 4722 addita
1057 4680 1076 4723 a
1096 4664 1190 4742 poeta
1208 4664 1242 4723 ut
1264 4660 1309 4723 IX
1331 4662 1370 4723 79
1390 4660 1450 4724 VII
1474 4660 1547 4731 379:

598 4803 640 4881 ὣς
670 4807 762 4892 ἔφαθ’
793 4806 822 4869 οἱ
846 4809 872 4870 δ’
888 4805 949 4891 ἄρα
969 4812 1025 4913 τοῦ
1051 4804 1141 4907 μάλαι
1159 4806 1214 4888 μὲν
1239 4804 1330 4869 κλύον
1349 4806 1395 4889 ἠδ’
1413 4808 1557 4869 ἐπίθοντο
