<?xml version="1.0" encoding="UTF-8"?>
<!DOCTYPE html PUBLIC "-//W3C//DTD XHTML 1.0 Transitional//EN"
    "http://www.w3.org/TR/xhtml1/DTD/xhtml1-transitional.dtd">
<html xmlns="http://www.w3.org/1999/xhtml" xml:lang="en" lang="en">
 <head>
  <title>
</title>
<meta http-equiv="Content-Type" content="text/html;charset=utf-8" />
  <meta name='ocr-system' content='tesseract 3.04.00' />
  <meta name='ocr-capabilities' content='ocr_page ocr_carea ocr_par ocr_line ocrx_word'/>
</head>
<body>
  <div class='ocr_page' id='page_1' title='image "./regiapotestasqu00veckgoog_0015.png"; bbox 0 0 4000 5700; ppageno 0'>
   <div class='ocr_carea' id='block_1_1' title="bbox 912 493 932 557">
    <p class='ocr_par' dir='ltr' id='par_1_1' title="bbox 912 493 932 557">
     <span class='ocr_line' id='line_1_1' title="bbox 912 493 932 557; baseline 0 0"><span class='ocrx_word' id='word_1_1' title='bbox 912 493 932 557; x_wconf 83' lang='grc'>9</span> 
     </span>
    </p>
   </div>
   <div class='ocr_carea' id='block_1_2' title="bbox 271 633 1567 1980">
    <p class='ocr_par' dir='ltr' id='par_1_2' title="bbox 271 633 1567 1980">
     <span class='ocr_line' id='line_1_2' title="bbox 347 633 1565 730; baseline -0.006 -20"><span class='ocrx_word' id='word_1_2' title='bbox 347 646 384 710; x_wconf 95' lang='lat' dir='ltr'>In</span> <span class='ocrx_word' id='word_1_3' title='bbox 397 645 483 730; x_wconf 90' lang='lat' dir='ltr'>ipsos</span> <span class='ocrx_word' id='word_1_4' title='bbox 501 633 784 729; x_wconf 84' lang='lat' dir='ltr'>regcspopulornm</span> <span class='ocrx_word' id='word_1_5' title='bbox 805 661 927 728; x_wconf 87' lang='lat' dir='ltr'>quoque</span> <span class='ocrx_word' id='word_1_6' title='bbox 941 641 1053 726; x_wconf 86' lang='lat' dir='ltr'>gloria,</span> <span class='ocrx_word' id='word_1_7' title='bbox 1072 661 1166 727; x_wconf 89' lang='lat' dir='ltr'>quarn</span> <span class='ocrx_word' id='word_1_8' title='bbox 1188 642 1345 728; x_wconf 88' lang='lat' dir='ltr'>inpugna</span> <span class='ocrx_word' id='word_1_9' title='bbox 1364 645 1437 706; x_wconf 89' lang='lat' dir='ltr'>sunt</span> <span class='ocrx_word' id='word_1_10' title='bbox 1447 637 1565 723; x_wconf 86' lang='lat' dir='ltr'>adepti,</span> 
     </span>
     <span class='ocr_line' id='line_1_3' title="bbox 273 759 693 841; baseline -0.017 -15"><span class='ocrx_word' id='word_1_11' title='bbox 273 761 455 827; x_wconf 79' lang='lat' dir='ltr'>transfertur</span> <span class='ocrx_word' id='word_1_12' title='bbox 476 759 552 826; x_wconf 86' lang='lat' dir='ltr'>XVI</span> <span class='ocrx_word' id='word_1_13' title='bbox 572 761 642 841; x_wconf 80' lang='lat'><strong>270,</strong></span> <span class='ocrx_word' id='word_1_14' title='bbox 661 761 693 821; x_wconf 85' lang='lat'>1:</span> 
     </span>
     <span class='ocr_line' id='line_1_4' title="bbox 549 895 1353 990; baseline -0.001 -23"><span class='ocrx_word' id='word_1_15' title='bbox 549 895 650 988; x_wconf 85' lang='grc' dir='ltr'><em>άνέρες</em></span> <span class='ocrx_word' id='word_1_16' title='bbox 669 903 734 968; x_wconf 72' lang='grc' dir='ltr'><em>ἴστε</em></span> <span class='ocrx_word' id='word_1_17' title='bbox 756 906 839 990; x_wconf 83' lang='grc' dir='ltr'><em>φίλοι</em></span> <span class='ocrx_word' id='word_1_18' title='bbox 857 903 1021 987; x_wconf 75' lang='grc' dir='ltr'><strong><em>μνήσασθε</em></strong></span> <span class='ocrx_word' id='word_1_19' title='bbox 1041 904 1073 967; x_wconf 79' lang='grc' dir='ltr'>δέ</span> <span class='ocrx_word' id='word_1_20' title='bbox 1094 901 1353 988; x_wconf 76' lang='grc' dir='ltr'><em>θούριδος-ἀλκῆς</em></span> 
     </span>
     <span class='ocr_line' id='line_1_5' title="bbox 555 996 1156 1085; baseline -0.003 -19"><span class='ocrx_word' id='word_1_21' title='bbox 555 1002 598 1077; x_wconf 77' lang='grc' dir='ltr'>ὥς</span> <span class='ocrx_word' id='word_1_22' title='bbox 617 997 656 1064; x_wconf 75' lang='lat' dir='ltr'>dr</span> <span class='ocrx_word' id='word_1_23' title='bbox 677 1004 829 1085; x_wconf 78' lang='grc' dir='ltr'><em>Πηλείδην</em></span> <span class='ocrx_word' id='word_1_24' title='bbox 846 996 1015 1084; x_wconf 61' lang='grc' dir='ltr'><em>τιμήσομεν</em></span> <span class='ocrx_word' id='word_1_25' title='bbox 1034 1027 1060 1064; x_wconf 91' lang='grc' dir='ltr'>κ.</span> <span class='ocrx_word' id='word_1_26' title='bbox 1082 1027 1109 1066; x_wconf 91' lang='grc' dir='ltr'><em>τ.</em></span> <span class='ocrx_word' id='word_1_27' title='bbox 1131 1007 1156 1064; x_wconf 82' lang='grc' dir='ltr'><em>λ</em></span> 
     </span>
     <span class='ocr_line' id='line_1_6' title="bbox 351 1152 1564 1239; baseline -0.003 -19"><span class='ocrx_word' id='word_1_28' title='bbox 351 1154 476 1221; x_wconf 82' lang='lat' dir='ltr'>Deinde</span> <span class='ocrx_word' id='word_1_29' title='bbox 496 1175 604 1237; x_wconf 85' lang='lat' dir='ltr'>rogum</span> <span class='ocrx_word' id='word_1_30' title='bbox 624 1159 672 1219; x_wconf 87' lang='lat' dir='ltr'>est</span> <span class='ocrx_word' id='word_1_31' title='bbox 691 1159 868 1238; x_wconf 79' lang='lat' dir='ltr'>pugnantes</span> <span class='ocrx_word' id='word_1_32' title='bbox 890 1154 1058 1237; x_wconf 88' lang='lat' dir='ltr'>collocare,</span> <span class='ocrx_word' id='word_1_33' title='bbox 1079 1153 1249 1239; x_wconf 82' lang='lat' dir='ltr'>disciplina</span> <span class='ocrx_word' id='word_1_34' title='bbox 1267 1153 1364 1236; x_wconf 91' lang='lat' dir='ltr'>igitur</span> <span class='ocrx_word' id='word_1_35' title='bbox 1384 1157 1417 1217; x_wconf 89' lang='lat' dir='ltr'>et</span> <span class='ocrx_word' id='word_1_36' title='bbox 1436 1171 1487 1217; x_wconf 88' lang='lat' dir='ltr'>ars</span> <span class='ocrx_word' id='word_1_37' title='bbox 1507 1152 1564 1216; x_wconf 81' lang='lat' dir='ltr'>mi-</span> 
     </span>
     <span class='ocr_line' id='line_1_7' title="bbox 272 1263 1565 1354; baseline -0.005 -19"><span class='ocrx_word' id='word_1_38' title='bbox 272 1271 382 1335; x_wconf 80' lang='lat' dir='ltr'>litaris.</span> <span class='ocrx_word' id='word_1_39' title='bbox 423 1269 525 1348; x_wconf 82' lang='lat' dir='ltr'>Quam</span> <span class='ocrx_word' id='word_1_40' title='bbox 544 1269 584 1334; x_wconf 90' lang='lat' dir='ltr'>ob</span> <span class='ocrx_word' id='word_1_41' title='bbox 605 1288 732 1334; x_wconf 87' lang='lat' dir='ltr'>causam</span> <span class='ocrx_word' id='word_1_42' title='bbox 752 1269 940 1335; x_wconf 81' lang='lat' dir='ltr'>Graecorum</span> <span class='ocrx_word' id='word_1_43' title='bbox 968 1268 1065 1334; x_wconf 85' lang='lat' dir='ltr'>duces</span> <span class='ocrx_word' id='word_1_44' title='bbox 1091 1273 1311 1354; x_wconf 87' lang='lat' dir='ltr'>comparantur</span> <span class='ocrx_word' id='word_1_45' title='bbox 1331 1287 1401 1333; x_wconf 88' lang='lat' dir='ltr'>curn</span> <span class='ocrx_word' id='word_1_46' title='bbox 1422 1263 1565 1332; x_wconf 81' lang='lat' dir='ltr'>bubulcis</span> 
     </span>
     <span class='ocr_line' id='line_1_8' title="bbox 272 1383 977 1468; baseline -0.004 -19"><span class='ocrx_word' id='word_1_47' title='bbox 272 1384 325 1468; x_wconf 87' lang='lat' dir='ltr'>qui</span> <span class='ocrx_word' id='word_1_48' title='bbox 354 1403 466 1468; x_wconf 80' lang='lat' dir='ltr'>greges</span> <span class='ocrx_word' id='word_1_49' title='bbox 484 1385 598 1449; x_wconf 85' lang='lat' dir='ltr'>mixtos</span> <span class='ocrx_word' id='word_1_50' title='bbox 620 1389 784 1450; x_wconf 82' lang='lat' dir='ltr'>secernunt</span> <span class='ocrx_word' id='word_1_51' title='bbox 804 1383 834 1447; x_wconf 92' lang='lat'>11</span> <span class='ocrx_word' id='word_1_52' title='bbox 855 1385 923 1466; x_wconf 81' lang='grc'><strong>476,</strong></span> <span class='ocrx_word' id='word_1_53' title='bbox 944 1386 977 1447; x_wconf 83' lang='lat'>7:</span> 
     </span>
     <span class='ocr_line' id='line_1_9' title="bbox 551 1528 1298 1615; baseline -0.001 -21"><span class='ocrx_word' id='word_1_54' title='bbox 551 1528 593 1605; x_wconf 75' lang='grc' dir='ltr'>ὣς</span> <span class='ocrx_word' id='word_1_55' title='bbox 612 1533 686 1606; x_wconf 79' lang='grc' dir='ltr'><em>τοδς</em></span> <span class='ocrx_word' id='word_1_56' title='bbox 707 1529 846 1615; x_wconf 71' lang='grc' dir='ltr'><em>ἦγεμάνες</em></span> <span class='ocrx_word' id='word_1_57' title='bbox 866 1529 1038 1612; x_wconf 77' lang='grc' dir='ltr'><em>διεκόσμεον</em></span> <span class='ocrx_word' id='word_1_58' title='bbox 1057 1529 1133 1594; x_wconf 66' lang='lat' dir='ltr'>ilua</span> <span class='ocrx_word' id='word_1_59' title='bbox 1151 1532 1200 1592; x_wconf 81' lang='grc' dir='ltr'>καλ</span> <span class='ocrx_word' id='word_1_60' title='bbox 1222 1529 1298 1594; x_wconf 64' lang='grc' dir='ltr'><em>ἔνθα</em></span> 
     </span>
     <span class='ocr_line' id='line_1_10' title="bbox 549 1627 797 1711; baseline -0.008 -19"><span class='ocrx_word' id='word_1_61' title='bbox 549 1628 705 1711; x_wconf 79' lang='grc' dir='ltr'><em>ύσμένηνδ</em></span> <span class='ocrx_word' id='word_1_62' title='bbox 726 1627 797 1692; x_wconf 79' lang='grc' dir='ltr'><em>λένιιι</em></span> 
     </span>
     <span class='ocr_line' id='line_1_11' title="bbox 271 1777 1567 1864; baseline -0.004 -19"><span class='ocrx_word' id='word_1_63' title='bbox 271 1787 365 1864; x_wconf 84' lang='lat' dir='ltr'>atquc</span> <span class='ocrx_word' id='word_1_64' title='bbox 389 1781 446 1845; x_wconf 87' lang='lat' dir='ltr'>lris</span> <span class='ocrx_word' id='word_1_65' title='bbox 466 1781 671 1846; x_wconf 80' lang='lat' dir='ltr'>Troianorum</span> <span class='ocrx_word' id='word_1_66' title='bbox 691 1779 822 1846; x_wconf 90' lang='lat' dir='ltr'>ducibus</span> <span class='ocrx_word' id='word_1_67' title='bbox 843 1786 878 1845; x_wconf 85' lang='lat' dir='ltr'>ut</span> <span class='ocrx_word' id='word_1_68' title='bbox 898 1779 1040 1864; x_wconf 84' lang='lat' dir='ltr'>praesint</span> <span class='ocrx_word' id='word_1_69' title='bbox 1066 1779 1204 1863; x_wconf 89' lang='lat' dir='ltr'>ipsorum</span> <span class='ocrx_word' id='word_1_70' title='bbox 1224 1777 1301 1842; x_wconf 86' lang='lat' dir='ltr'>viris</span> <span class='ocrx_word' id='word_1_71' title='bbox 1322 1777 1391 1842; x_wconf 90' lang='lat' dir='ltr'>acie</span> <span class='ocrx_word' id='word_1_72' title='bbox 1414 1777 1567 1842; x_wconf 81' lang='lat' dir='ltr'>instructa</span> 
     </span>
     <span class='ocr_line' id='line_1_12' title="bbox 271 1895 600 1980; baseline 0 -22"><span class='ocrx_word' id='word_1_73' title='bbox 271 1895 405 1980; x_wconf 84' lang='lat' dir='ltr'>imperat</span> <span class='ocrx_word' id='word_1_74' title='bbox 424 1896 455 1959; x_wconf 93' lang='lat' dir='ltr'>Il</span> <span class='ocrx_word' id='word_1_75' title='bbox 476 1897 544 1978; x_wconf 79' lang='lat'>805,</span> <span class='ocrx_word' id='word_1_76' title='bbox 565 1898 600 1958; x_wconf 84' lang='lat'>6:</span> 
     </span>
    </p>
   </div>
   <div class='ocr_carea' id='block_1_3' title="bbox 520 2035 1326 2222">
    <p class='ocr_par' dir='ltr' id='par_1_3' title="bbox 520 2035 1326 2222">
     <span class='ocr_line' id='line_1_13' title="bbox 520 2035 1326 2126; baseline -0.004 -20"><span class='ocrx_word' id='word_1_77' title='bbox 520 2052 617 2106; x_wconf 82' lang='grc' dir='ltr'><em>τοῖσιν</em></span> <span class='ocrx_word' id='word_1_78' title='bbox 638 2043 764 2116; x_wconf 68' lang='grc' dir='ltr'><em>ἕκαστος</em></span> <span class='ocrx_word' id='word_1_79' title='bbox 783 2041 859 2126; x_wconf 64' lang='lat' dir='ltr'>drop</span> <span class='ocrx_word' id='word_1_80' title='bbox 881 2041 1053 2124; x_wconf 76' lang='grc' dir='ltr'><em>σημαινέτω</em></span> <span class='ocrx_word' id='word_1_81' title='bbox 1075 2035 1138 2104; x_wconf 80' lang='grc' dir='ltr'><em>οἷσί</em></span> <span class='ocrx_word' id='word_1_82' title='bbox 1155 2065 1209 2124; x_wconf 86' lang='grc' dir='ltr'><em>περ</em></span> <span class='ocrx_word' id='word_1_83' title='bbox 1233 2036 1326 2124; x_wconf 78' lang='grc' dir='ltr'><em>ἄρχει,</em></span> 
     </span>
     <span class='ocr_line' id='line_1_14' title="bbox 520 2135 1185 2222; baseline -0.005 -19"><span class='ocrx_word' id='word_1_84' title='bbox 520 2144 583 2203; x_wconf 84' lang='grc' dir='ltr'><em>τῶν</em></span> <span class='ocrx_word' id='word_1_85' title='bbox 602 2141 766 2222; x_wconf 74' lang='grc' dir='ltr'>ἐξηγείσθω</span> <span class='ocrx_word' id='word_1_86' title='bbox 788 2136 1019 2221; x_wconf 77' lang='grc' dir='ltr'><em>κοσμησάμενος</em></span> <span class='ocrx_word' id='word_1_87' title='bbox 1040 2135 1185 2220; x_wconf 72' lang='grc' dir='ltr'><em>πολιήτας</em></span> 
     </span>
    </p>
   </div>
   <div class='ocr_carea' id='block_1_4' title="bbox 271 2289 1355 2522">
    <p class='ocr_par' dir='ltr' id='par_1_4' title="bbox 271 2289 1355 2522">
     <span class='ocr_line' id='line_1_15' title="bbox 271 2289 875 2374; baseline -0.003 -21"><span class='ocrx_word' id='word_1_88' title='bbox 271 2296 306 2353; x_wconf 90' lang='lat' dir='ltr'>ut</span> <span class='ocrx_word' id='word_1_89' title='bbox 323 2289 439 2354; x_wconf 83' lang='lat' dir='ltr'>Hector</span> <span class='ocrx_word' id='word_1_90' title='bbox 458 2289 701 2374; x_wconf 89' lang='lat' dir='ltr'>deprehenditur</span> <span class='ocrx_word' id='word_1_91' title='bbox 720 2289 796 2354; x_wconf 87' lang='lat' dir='ltr'>XIV</span> <span class='ocrx_word' id='word_1_92' title='bbox 816 2289 875 2352; x_wconf 88' lang='lat'>388</span> 
     </span>
     <span class='ocr_line' id='line_1_16' title="bbox 495 2417 1355 2522; baseline 0.002 -24"><span class='ocrx_word' id='word_1_93' title='bbox 495 2441 607 2519; x_wconf 81' lang='grc' dir='ltr'><em>Τρῶας</em></span> <span class='ocrx_word' id='word_1_94' title='bbox 629 2425 730 2500; x_wconf 81' lang='grc' dir='ltr'><em>δἀύθ</em></span> <span class='ocrx_word' id='word_1_95' title='bbox 749 2433 903 2518; x_wconf 70' lang='grc' dir='ltr'><em>ἑτέρωθεν</em></span> <span class='ocrx_word' id='word_1_96' title='bbox 924 2432 1044 2516; x_wconf 79' lang='grc' dir='ltr'><em>ε’κύσμει</em></span> <span class='ocrx_word' id='word_1_97' title='bbox 1066 2417 1212 2521; x_wconf 81' lang='grc' dir='ltr'><em>φαέδιμος</em></span> <span class='ocrx_word' id='word_1_98' title='bbox 1228 2431 1355 2522; x_wconf 80' lang='grc' dir='ltr'><em>Ἕκτωρ.</em></span> 
     </span>
    </p>
   </div>
   <div class='ocr_carea' id='block_1_5' title="bbox 271 2586 1361 2804">
    <p class='ocr_par' dir='ltr' id='par_1_5' title="bbox 271 2586 1361 2804">
     <span class='ocr_line' id='line_1_17' title="bbox 271 2586 843 2682; baseline 0.002 -31"><span class='ocrx_word' id='word_1_99' title='bbox 271 2586 387 2652; x_wconf 87' lang='lat' dir='ltr'>Nestor</span> <span class='ocrx_word' id='word_1_100' title='bbox 404 2607 479 2653; x_wconf 89' lang='lat' dir='ltr'>vcro</span> <span class='ocrx_word' id='word_1_101' title='bbox 496 2588 575 2654; x_wconf 88' lang='lat' dir='ltr'>haec</span> <span class='ocrx_word' id='word_1_102' title='bbox 597 2588 628 2652; x_wconf 91' lang='lat' dir='ltr'>ll</span> <span class='ocrx_word' id='word_1_103' title='bbox 647 2589 715 2672; x_wconf 78' lang='lat'><strong>362,</strong></span> <span class='ocrx_word' id='word_1_104' title='bbox 734 2589 769 2652; x_wconf 84' lang='lat'>3:</span> <span class='ocrx_word' id='word_1_105' title='bbox 839 2678 843 2682; x_wconf 12' lang='grc' dir='ltr'><strong>Α</strong></span> 
     </span>
     <span class='ocr_line' id='line_1_18' title="bbox 488 2714 1361 2804; baseline 0.003 -25"><span class='ocrx_word' id='word_1_106' title='bbox 488 2722 560 2798; x_wconf 83' lang='grc' dir='ltr'><em>κρῖν’</em></span> <span class='ocrx_word' id='word_1_107' title='bbox 580 2714 693 2803; x_wconf 77' lang='grc' dir='ltr'><em>ἄνδρας</em></span> <span class='ocrx_word' id='word_1_108' title='bbox 713 2720 791 2783; x_wconf 82' lang='grc' dir='ltr'><em>κατά</em></span> <span class='ocrx_word' id='word_1_109' title='bbox 807 2723 891 2803; x_wconf 83' lang='grc' dir='ltr'><em>φύλα</em></span> <span class='ocrx_word' id='word_1_110' title='bbox 907 2720 985 2780; x_wconf 80' lang='grc' dir='ltr'><em>κατά</em></span> <span class='ocrx_word' id='word_1_111' title='bbox 1008 2716 1150 2804; x_wconf 76' lang='grc' dir='ltr'><em>φρήτρας</em></span> <span class='ocrx_word' id='word_1_112' title='bbox 1164 2717 1361 2802; x_wconf 70' lang='grc' dir='ltr'><em>Ἀγαμέμνων</em></span> 
     </span>
    </p>
   </div>
   <div class='ocr_carea' id='block_1_6' title="bbox 271 2813 1301 3031">
    <p class='ocr_par' dir='ltr' id='par_1_6' title="bbox 271 2813 1301 3031">
     <span class='ocr_line' id='line_1_19' title="bbox 492 2813 1301 2902; baseline 0 0"><span class='ocrx_word' id='word_1_113' title='bbox 492 2813 537 2890; x_wconf 69' lang='lat' dir='ltr'>ris</span> <span class='ocrx_word' id='word_1_114' title='bbox 557 2813 679 2902; x_wconf 75' lang='grc' dir='ltr'><em>τούτου</em></span> <span class='ocrx_word' id='word_1_115' title='bbox 697 2813 875 2902; x_wconf 70' lang='grc' dir='ltr'><em>τούτων</em></span> <span class='ocrx_word' id='word_1_116' title='bbox 898 2813 1005 2902; x_wconf 57' lang='lat' dir='ltr'>udo,</span> <span class='ocrx_word' id='word_1_117' title='bbox 1028 2819 1111 2902; x_wconf 71' lang='grc' dir='ltr'><em>οὖλα</em></span> <span class='ocrx_word' id='word_1_118' title='bbox 1133 2815 1166 2879; x_wconf 66' lang='grc' dir='ltr'>δὲ</span> <span class='ocrx_word' id='word_1_119' title='bbox 1191 2813 1301 2902; x_wconf 69' lang='grc' dir='ltr'><em>φύλοις</em></span> 
     </span>
     <span class='ocr_line' id='line_1_20' title="bbox 271 2948 628 3031; baseline -0.003 -18"><span class='ocrx_word' id='word_1_120' title='bbox 271 2954 305 3013; x_wconf 78' lang='grc' dir='ltr'><em>α</em></span> <span class='ocrx_word' id='word_1_121' title='bbox 325 2948 379 3013; x_wconf 86' lang='lat' dir='ltr'>rv.</span> <span class='ocrx_word' id='word_1_122' title='bbox 400 2950 469 3031; x_wconf 79' lang='lat' dir='ltr'>aaa,</span> <span class='ocrx_word' id='word_1_123' title='bbox 491 2952 524 3012; x_wconf 77' lang='lat' dir='ltr'>r:</span> <span class='ocrx_word' id='word_1_124' title='bbox 625 2968 628 2973; x_wconf 93' lang='lat'>·</span> 
     </span>
    </p>
   </div>
   <div class='ocr_carea' id='block_1_7' title="bbox 491 3088 1335 3280">
    <p class='ocr_par' dir='ltr' id='par_1_7' title="bbox 491 3088 1335 3280">
     <span class='ocr_line' id='line_1_21' title="bbox 492 3088 1335 3183; baseline 0.001 -24"><span class='ocrx_word' id='word_1_125' title='bbox 492 3094 555 3159; x_wconf 64' lang='grc' dir='ltr'>ἕνθ’</span> <span class='ocrx_word' id='word_1_126' title='bbox 577 3088 626 3179; x_wconf 77' lang='grc' dir='ltr'><em>ὅγε</em></span> <span class='ocrx_word' id='word_1_127' title='bbox 649 3096 779 3179; x_wconf 89' lang='grc' dir='ltr'><em>Νέστορ’</em></span> <span class='ocrx_word' id='word_1_128' title='bbox 801 3096 910 3179; x_wconf 79' lang='grc' dir='ltr'><em>έτετμε,</em></span> <span class='ocrx_word' id='word_1_129' title='bbox 932 3098 1016 3181; x_wconf 78' lang='grc' dir='ltr'><em>λιγύν</em></span> <span class='ocrx_word' id='word_1_130' title='bbox 1036 3097 1164 3160; x_wconf 78' lang='grc' dir='ltr'><em>Πυλίων</em></span> <span class='ocrx_word' id='word_1_131' title='bbox 1184 3096 1335 3183; x_wconf 73' lang='grc' dir='ltr'><em>ἀγορητὴν</em></span> 
     </span>
     <span class='ocr_line' id='line_1_22' title="bbox 491 3186 1308 3280; baseline 0.005 -27"><span class='ocrx_word' id='word_1_132' title='bbox 491 3186 544 3265; x_wconf 83' lang='grc' dir='ltr'><em>ούς</em></span> <span class='ocrx_word' id='word_1_133' title='bbox 564 3189 691 3273; x_wconf 73' lang='grc' dir='ltr'><em>ἑτάρους</em></span> <span class='ocrx_word' id='word_1_134' title='bbox 711 3193 874 3257; x_wconf 72' lang='grc' dir='ltr'><em>στέλλοντα</em></span> <span class='ocrx_word' id='word_1_135' title='bbox 892 3196 940 3256; x_wconf 83' lang='grc' dir='ltr'>καλ</span> <span class='ocrx_word' id='word_1_136' title='bbox 962 3191 1130 3280; x_wconf 77' lang='grc' dir='ltr'><em>ὀτρύνοντα</em></span> <span class='ocrx_word' id='word_1_137' title='bbox 1149 3192 1308 3275; x_wconf 86' lang='grc' dir='ltr'><em>μάχεσθαι</em></span> 
     </span>
    </p>
   </div>
   <div class='ocr_carea' id='block_1_8' title="bbox 270 3341 1565 3669">
    <p class='ocr_par' dir='ltr' id='par_1_8' title="bbox 270 3341 1565 3669">
     <span class='ocr_line' id='line_1_23' title="bbox 271 3341 1563 3429; baseline 0.006 -24"><span class='ocrx_word' id='word_1_138' title='bbox 271 3341 396 3425; x_wconf 84' lang='lat' dir='ltr'>singula</span> <span class='ocrx_word' id='word_1_139' title='bbox 415 3349 519 3406; x_wconf 88' lang='lat' dir='ltr'>autern</span> <span class='ocrx_word' id='word_1_140' title='bbox 540 3342 580 3408; x_wconf 88' lang='lat' dir='ltr'>de</span> <span class='ocrx_word' id='word_1_141' title='bbox 601 3343 661 3409; x_wconf 89' lang='lat' dir='ltr'>hac</span> <span class='ocrx_word' id='word_1_142' title='bbox 681 3350 748 3409; x_wconf 87' lang='lat' dir='ltr'>arte</span> <span class='ocrx_word' id='word_1_143' title='bbox 767 3346 896 3409; x_wconf 86' lang='lat' dir='ltr'>militari</span> <span class='ocrx_word' id='word_1_144' title='bbox 915 3346 1060 3429; x_wconf 89' lang='lat' dir='ltr'>leguntur</span> <span class='ocrx_word' id='word_1_145' title='bbox 1079 3346 1113 3410; x_wconf 94' lang='lat' dir='ltr'>in</span> <span class='ocrx_word' id='word_1_146' title='bbox 1133 3345 1275 3411; x_wconf 85' lang='lat' dir='ltr'>versibus</span> <span class='ocrx_word' id='word_1_147' title='bbox 1294 3348 1463 3411; x_wconf 72' lang='lat' dir='ltr'>usu-300</span> <span class='ocrx_word' id='word_1_148' title='bbox 1484 3348 1563 3413; x_wconf 88' lang='lat' dir='ltr'>cins-</span> 
     </span>
     <span class='ocr_line' id='line_1_24' title="bbox 270 3453 1565 3545; baseline 0.005 -25"><span class='ocrx_word' id='word_1_149' title='bbox 270 3455 342 3520; x_wconf 90' lang='lat' dir='ltr'>dem</span> <span class='ocrx_word' id='word_1_150' title='bbox 359 3455 448 3539; x_wconf 78' lang='lat' dir='ltr'>libri3</span> <span class='ocrx_word' id='word_1_151' title='bbox 475 3456 508 3521; x_wconf 92' lang='lat' dir='ltr'>in</span> <span class='ocrx_word' id='word_1_152' title='bbox 528 3453 637 3522; x_wconf 83' lang='lat' dir='ltr'>Iliadis</span> <span class='ocrx_word' id='word_1_153' title='bbox 656 3458 760 3543; x_wconf 87' lang='lat' dir='ltr'>rhaps.</span> <span class='ocrx_word' id='word_1_154' title='bbox 782 3459 875 3523; x_wconf 90' lang='lat' dir='ltr'>XVll</span> <span class='ocrx_word' id='word_1_155' title='bbox 896 3459 1127 3545; x_wconf 80' lang='lat' dir='ltr'>Thrasymedes</span> <span class='ocrx_word' id='word_1_156' title='bbox 1150 3465 1182 3525; x_wconf 88' lang='lat' dir='ltr'>ct</span> <span class='ocrx_word' id='word_1_157' title='bbox 1203 3460 1387 3527; x_wconf 87' lang='lat' dir='ltr'>Antilochus</span> <span class='ocrx_word' id='word_1_158' title='bbox 1411 3482 1474 3527; x_wconf 95' lang='lat' dir='ltr'>non</span> <span class='ocrx_word' id='word_1_159' title='bbox 1495 3482 1565 3528; x_wconf 90' lang='lat' dir='ltr'>cum</span> 
     </span>
     <span class='ocr_line' id='line_1_25' title="bbox 271 3570 1097 3669; baseline 0.005 -36"><span class='ocrx_word' id='word_1_160' title='bbox 271 3570 380 3636; x_wconf 89' lang='lat' dir='ltr'>amicis</span> <span class='ocrx_word' id='word_1_161' title='bbox 400 3571 440 3636; x_wconf 90' lang='lat' dir='ltr'>de</span> <span class='ocrx_word' id='word_1_162' title='bbox 460 3577 580 3637; x_wconf 89' lang='lat' dir='ltr'>mortno</span> <span class='ocrx_word' id='word_1_163' title='bbox 599 3572 742 3669; x_wconf 84' lang='lat' dir='ltr'>Patroclo</span> <span class='ocrx_word' id='word_1_164' title='bbox 759 3580 903 3658; x_wconf 88' lang='lat' dir='ltr'>pugnant</span> <span class='ocrx_word' id='word_1_165' title='bbox 922 3595 952 3640; x_wconf 86' lang='lat' dir='ltr'>v.</span> <span class='ocrx_word' id='word_1_166' title='bbox 975 3574 1043 3657; x_wconf 71' lang='lat'>381,</span> <span class='ocrx_word' id='word_1_167' title='bbox 1063 3576 1097 3637; x_wconf 81' lang='lat'>2:</span> 
     </span>
    </p>
   </div>
   <div class='ocr_carea' id='block_1_9' title="bbox 528 3718 1354 3904">
    <p class='ocr_par' dir='ltr' id='par_1_9' title="bbox 528 3718 1354 3904">
     <span class='ocr_line' id='line_1_26' title="bbox 528 3718 1323 3807; baseline 0.004 -25"><span class='ocrx_word' id='word_1_168' title='bbox 528 3720 572 3783; x_wconf 82' lang='grc' dir='ltr'>τολ</span> <span class='ocrx_word' id='word_1_169' title='bbox 596 3722 830 3803; x_wconf 81' lang='grc' dir='ltr'><em>δ’ἒιιιοσσομένω</em></span> <span class='ocrx_word' id='word_1_170' title='bbox 850 3720 988 3786; x_wconf 89' lang='grc' dir='ltr'><em>θάνατον</em></span> <span class='ocrx_word' id='word_1_171' title='bbox 1008 3724 1056 3786; x_wconf 81' lang='grc' dir='ltr'>καὶ</span> <span class='ocrx_word' id='word_1_172' title='bbox 1077 3719 1177 3807; x_wconf 83' lang='grc' dir='ltr'><em>φύζαν</em></span> <span class='ocrx_word' id='word_1_173' title='bbox 1196 3718 1323 3807; x_wconf 74' lang='grc' dir='ltr'><em>ἓτοέρων</em></span> 
     </span>
     <span class='ocr_line' id='line_1_27' title="bbox 530 3815 1354 3904; baseline 0.005 -25"><span class='ocrx_word' id='word_1_174' title='bbox 530 3815 641 3903; x_wconf 81' lang='grc' dir='ltr'><em>νόσφιν</em></span> <span class='ocrx_word' id='word_1_175' title='bbox 659 3817 866 3902; x_wconf 77' lang='grc' dir='ltr'><em>ἐμαρνάσθην,</em></span> <span class='ocrx_word' id='word_1_176' title='bbox 889 3820 947 3882; x_wconf 72' lang='lat' dir='ltr'>iuri</span> <span class='ocrx_word' id='word_1_177' title='bbox 965 3818 1008 3893; x_wconf 76' lang='grc' dir='ltr'>ὥς</span> <span class='ocrx_word' id='word_1_178' title='bbox 1028 3820 1194 3884; x_wconf 74' lang='grc' dir='ltr'><em>ἐπετέλλετο</em></span> <span class='ocrx_word' id='word_1_179' title='bbox 1215 3819 1354 3904; x_wconf 86' lang='grc' dir='ltr'><em>Νέστωρ.</em></span> 
     </span>
    </p>
   </div>
   <div class='ocr_carea' id='block_1_10' title="bbox 269 3940 1670 4169">
    <p class='ocr_par' dir='ltr' id='par_1_10' title="bbox 269 3940 1670 4169">
     <span class='ocr_line' id='line_1_28' title="bbox 352 3940 1670 4047; baseline 0.007 -17"><span class='ocrx_word' id='word_1_180' title='bbox 352 3966 420 4030; x_wconf 84' lang='grc' dir='ltr'>Νοο</span> <span class='ocrx_word' id='word_1_181' title='bbox 439 3967 522 4032; x_wconf 87' lang='lat' dir='ltr'>solus</span> <span class='ocrx_word' id='word_1_182' title='bbox 540 3969 655 4034; x_wconf 82' lang='lat' dir='ltr'>Nestor</span> <span class='ocrx_word' id='word_1_183' title='bbox 682 3969 739 4035; x_wconf 86' lang='lat' dir='ltr'>sed</span> <span class='ocrx_word' id='word_1_184' title='bbox 764 3970 860 4035; x_wconf 87' lang='lat' dir='ltr'>ctiam</span> <span class='ocrx_word' id='word_1_185' title='bbox 881 3971 964 4034; x_wconf 85' lang='lat' dir='ltr'>Aiax</span> <span class='ocrx_word' id='word_1_186' title='bbox 993 3977 1093 4035; x_wconf 86' lang='lat' dir='ltr'>artem</span> <span class='ocrx_word' id='word_1_187' title='bbox 1111 3940 1278 4037; x_wconf 83' lang='lat' dir='ltr'>militarem</span> <span class='ocrx_word' id='word_1_188' title='bbox 1306 3978 1430 4047; x_wconf 79' lang='lat' dir='ltr'>exercet</span> <span class='ocrx_word' id='word_1_189' title='bbox 1452 3973 1563 4039; x_wconf 89' lang='lat' dir='ltr'>adhor-</span> <span class='ocrx_word' id='word_1_190' title='bbox 1665 3967 1670 3979; x_wconf 84' lang='lat'>&#39;</span> 
     </span>
     <span class='ocr_line' id='line_1_29' title="bbox 269 4081 1185 4169; baseline 0.005 -25"><span class='ocrx_word' id='word_1_191' title='bbox 269 4086 341 4145; x_wconf 91' lang='lat' dir='ltr'>tans</span> <span class='ocrx_word' id='word_1_192' title='bbox 362 4081 531 4146; x_wconf 86' lang='lat' dir='ltr'>exercitum</span> <span class='ocrx_word' id='word_1_193' title='bbox 550 4090 582 4148; x_wconf 90' lang='lat' dir='ltr'>et</span> <span class='ocrx_word' id='word_1_194' title='bbox 603 4088 708 4149; x_wconf 87' lang='lat' dir='ltr'>cetera</span> <span class='ocrx_word' id='word_1_195' title='bbox 727 4084 886 4169; x_wconf 86' lang='lat' dir='ltr'>imperans</span> <span class='ocrx_word' id='word_1_196' title='bbox 907 4086 999 4151; x_wconf 92' lang='lat' dir='ltr'>XVIl</span> <span class='ocrx_word' id='word_1_197' title='bbox 1022 4086 1118 4149; x_wconf 85' lang='grc'><strong>356-</strong></span> <span class='ocrx_word' id='word_1_198' title='bbox 1133 4087 1185 4149; x_wconf 80' lang='lat'>59:</span> 
     </span>
    </p>
   </div>
   <div class='ocr_carea' id='block_1_11' title="bbox 269 4301 1280 4683">
    <p class='ocr_par' dir='ltr' id='par_1_11' title="bbox 269 4301 1280 4683">
     <span class='ocr_line' id='line_1_30' title="bbox 546 4301 1280 4379; baseline 0.007 -25"><span class='ocrx_word' id='word_1_199' title='bbox 546 4307 586 4355; x_wconf 82' lang='lat' dir='ltr'>ool</span> <span class='ocrx_word' id='word_1_200' title='bbox 607 4301 636 4357; x_wconf 79' lang='grc' dir='ltr'>δὲ</span> <span class='ocrx_word' id='word_1_201' title='bbox 652 4304 732 4359; x_wconf 68' lang='grc' dir='ltr'><em>κακὸς</em></span> <span class='ocrx_word' id='word_1_202' title='bbox 750 4309 803 4376; x_wconf 73' lang='grc' dir='ltr'>μὲν</span> <span class='ocrx_word' id='word_1_203' title='bbox 819 4305 914 4376; x_wconf 71' lang='grc' dir='ltr'><em>θυμὸς,</em></span> <span class='ocrx_word' id='word_1_204' title='bbox 932 4302 1156 4379; x_wconf 74' lang='grc' dir='ltr'><em>ἀποφθινύθουσι</em></span> <span class='ocrx_word' id='word_1_205' title='bbox 1174 4303 1204 4359; x_wconf 74' lang='grc' dir='ltr'>δέ</span> <span class='ocrx_word' id='word_1_206' title='bbox 1219 4304 1280 4359; x_wconf 71' lang='grc' dir='ltr'><em>λαοί</em></span> 
     </span>
     <span class='ocr_line' id='line_1_31' title="bbox 269 4407 1080 4481; baseline 0.009 -23"><span class='ocrx_word' id='word_1_207' title='bbox 269 4413 343 4473; x_wconf 83' lang='lat' dir='ltr'>atquc</span> <span class='ocrx_word' id='word_1_208' title='bbox 360 4407 456 4461; x_wconf 78' lang='lat' dir='ltr'>confert</span> <span class='ocrx_word' id='word_1_209' title='bbox 476 4407 586 4462; x_wconf 86' lang='lat' dir='ltr'>Achillis</span> <span class='ocrx_word' id='word_1_210' title='bbox 605 4411 698 4463; x_wconf 87' lang='lat' dir='ltr'>dictum</span> <span class='ocrx_word' id='word_1_211' title='bbox 716 4414 782 4479; x_wconf 92' lang='lat' dir='ltr'>qnod</span> <span class='ocrx_word' id='word_1_212' title='bbox 801 4414 865 4465; x_wconf 90' lang='lat' dir='ltr'>nihil</span> <span class='ocrx_word' id='word_1_213' title='bbox 881 4414 967 4481; x_wconf 86' lang='lat' dir='ltr'>probat</span> <span class='ocrx_word' id='word_1_214' title='bbox 984 4415 998 4465; x_wconf 95' lang='lat' dir='ltr'>I</span> <span class='ocrx_word' id='word_1_215' title='bbox 1016 4419 1080 4467; x_wconf 79' lang='lat'>344:</span> 
     </span>
     <span class='ocr_line' id='line_1_32' title="bbox 601 4508 1233 4589; baseline 0.005 -24"><span class='ocrx_word' id='word_1_216' title='bbox 601 4508 673 4567; x_wconf 74' lang='grc' dir='ltr'><em>ὅπως</em></span> <span class='ocrx_word' id='word_1_217' title='bbox 690 4513 717 4566; x_wconf 86' lang='grc' dir='ltr'><em>οἱ</em></span> <span class='ocrx_word' id='word_1_218' title='bbox 731 4513 805 4589; x_wconf 79' lang='grc' dir='ltr'><em>παρὰ</em></span> <span class='ocrx_word' id='word_1_219' title='bbox 822 4521 896 4582; x_wconf 79' lang='grc' dir='ltr'><em>νηυσὶ</em></span> <span class='ocrx_word' id='word_1_220' title='bbox 912 4514 969 4570; x_wconf 85' lang='grc' dir='ltr'><em>ου’σι</em></span> <span class='ocrx_word' id='word_1_221' title='bbox 985 4520 1116 4585; x_wconf 72' lang='grc' dir='ltr'><em>μαχέοιντο</em></span> <span class='ocrx_word' id='word_1_222' title='bbox 1133 4512 1233 4582; x_wconf 77' lang='grc' dir='ltr'><em>Ἀχαιοί</em></span> 
     </span>
     <span class='ocr_line' id='line_1_33' title="bbox 269 4615 798 4683; baseline 0.009 -16"><span class='ocrx_word' id='word_1_223' title='bbox 269 4615 378 4683; x_wconf 83' lang='lat' dir='ltr'>Sarpedo</span> <span class='ocrx_word' id='word_1_224' title='bbox 395 4618 460 4669; x_wconf 87' lang='lat' dir='ltr'>enim</span> <span class='ocrx_word' id='word_1_225' title='bbox 477 4619 569 4671; x_wconf 86' lang='lat' dir='ltr'>Glauco</span> <span class='ocrx_word' id='word_1_226' title='bbox 589 4626 682 4671; x_wconf 84' lang='lat' dir='ltr'>tantum</span> <span class='ocrx_word' id='word_1_227' title='bbox 699 4620 798 4673; x_wconf 84' lang='lat' dir='ltr'>dixerat</span> 
     </span>
    </p>
   </div>
   <div class='ocr_carea' id='block_1_12' title="bbox 599 4721 1271 4863">
    <p class='ocr_par' dir='ltr' id='par_1_12' title="bbox 599 4721 1271 4863">
     <span class='ocr_line' id='line_1_34' title="bbox 599 4721 1271 4799; baseline 0.009 -25"><span class='ocrx_word' id='word_1_228' title='bbox 599 4724 641 4789; x_wconf 75' lang='grc' dir='ltr'><em>τῷ</em></span> <span class='ocrx_word' id='word_1_229' title='bbox 658 4726 708 4775; x_wconf 82' lang='grc' dir='ltr'>νῦν</span> <span class='ocrx_word' id='word_1_230' title='bbox 720 4721 770 4796; x_wconf 79' lang='grc' dir='ltr'>χρὴ</span> <span class='ocrx_word' id='word_1_231' title='bbox 787 4726 908 4779; x_wconf 77' lang='grc' dir='ltr'><em>Λυκίοισι</em></span> <span class='ocrx_word' id='word_1_232' title='bbox 926 4729 994 4794; x_wconf 75' lang='grc' dir='ltr'><em>μέτα</em></span> <span class='ocrx_word' id='word_1_233' title='bbox 1013 4722 1160 4799; x_wconf 78' lang='grc' dir='ltr'><em>πρώτοισιν</em></span> <span class='ocrx_word' id='word_1_234' title='bbox 1177 4722 1271 4780; x_wconf 65' lang='grc' dir='ltr'><em>ἐόντας</em></span> 
     </span>
     <span class='ocr_line' id='line_1_35' title="bbox 600 4794 833 4863; baseline 0.017 -16"><span class='ocrx_word' id='word_1_235' title='bbox 600 4796 746 4863; x_wconf 65' lang='lat' dir='ltr'>derepere.</span> <span class='ocrx_word' id='word_1_236' title='bbox 766 4814 791 4851; x_wconf 82' lang='grc' dir='ltr'><em>τ.</em></span> <span class='ocrx_word' id='word_1_237' title='bbox 808 4794 833 4852; x_wconf 85' lang='grc' dir='ltr'>λ.</span> 
     </span>
    </p>
   </div>
   <div class='ocr_carea' id='block_1_13' title="bbox 0 0 2004 5700">
    <p class='ocr_par' dir='ltr' id='par_1_13' title="bbox 0 0 2004 5700">
     <span class='ocr_line' id='line_1_36' title="bbox 0 0 2004 5700; baseline 0 1"><span class='ocrx_word' id='word_1_238' title='bbox 0 0 2004 5700; x_wconf 95' lang='lat' dir='ltr'> </span> 
     </span>
    </p>
   </div>
  </div>
 </body>
</html>
