4000 5700
1084 505 1103 567 2

449 654 498 713 est
514 655 709 733 perceptum,
736 656 770 715 ut
798 670 900 733 neque
921 671 978 716 eae
999 671 1080 734 quac
1102 652 1183 716 iuter
1203 672 1237 717 se
1257 649 1399 737 pugnant
1423 673 1473 718 res
1493 653 1628 718 minores
1646 670 1747 735 neque

449 762 705 848 interpolationes
732 765 865 849 probare
886 766 949 829 ulle
970 765 1063 830 modo
1083 767 1213 850 possint,
1233 786 1294 832 nou
1308 775 1433 852 poetam
1454 787 1549 832 unum
1569 766 1747 833 condidisse

448 876 559 942 Iliadis
596 896 720 942 carmen
752 897 815 942 non
848 896 943 941 unum
975 883 1100 961 poetam
1132 878 1316 963 Odysseam.
1375 880 1485 962 (Erech
1521 880 1585 944 und
1617 879 1747 956 (imber,

448 991 581 1076 Encykl.
602 992 723 1075 Bergk,
751 991 875 1057 Griech.
896 992 970 1055 Litt.
1000 991 1031 1056 S.
1055 993 1248 1074 eac-330.)

526 1107 585 1170 Est
606 1112 710 1171 autem
730 1105 938 1189 componendi
959 1125 1010 1170 ars
1031 1125 1152 1170 summa
1173 1112 1266 1188 atque
1288 1109 1401 1172 summi
1419 1113 1540 1174 tautum
1561 1108 1695 1175 artifices
1717 1118 1748 1176 et

411 1305 413 1307 g
448 1221 588 1286 carmina
608 1222 699 1305 spica
726 1228 758 1285 et
778 1221 901 1285 fabulas
931 1221 1011 1286 bene
1042 1227 1245 1304 componunt3
1274 1227 1307 1286 ut
1339 1222 1419 1287 inter
1447 1224 1583 1306 pictores
1604 1224 1747 1308 Raphael

448 1355 584 1401 summus
611 1334 818 1419 componendi
849 1335 962 1398 artifex
994 1335 1035 1399 sit
1067 1334 1248 1418 habendum
1279 1342 1314 1399 ut
1339 1336 1586 1421 Miehclangelus
1613 1339 1748 1423 pictores

449 1451 621 1516 Germanos
647 1455 731 1514 recte
752 1449 976 1533 reprehendat,
1000 1449 1085 1531 quod
1102 1467 1165 1512 non
1194 1449 1315 1533 possint
1344 1451 1468 1516 tabulas
1497 1453 1564 1518 sive
1591 1453 1746 1536 imagines

448 1564 624 1649 pingendas
647 1584 848 1648 componere,
875 1570 909 1627 ut
928 1564 1153 1628 Germanorum
1178 1569 1290 1647 poetae
1313 1565 1396 1648 epici
1420 1586 1482 1630 non
1505 1567 1629 1632 felicius
1649 1573 1748 1632 artem

449 1680 567 1744 colant:
600 1699 674 1742 nam
694 1679 869 1744 Woll'ramii
889 1677 1195 1742 Eschenbachiensis
1213 1678 1358 1744 Parcival
1380 1686 1412 1744 et
1435 1680 1606 1746 Godofrcdi
1627 1683 1745 1766 Argen·

448 1795 613 1859 toratcnsis
628 1795 756 1858 TrIstan
776 1800 808 1858 et
823 1794 909 1877 Issit,
930 1812 1120 1875 quamquam
1141 1793 1283 1857 omnibus
1304 1793 1451 1860 laudibus
1474 1801 1546 1860 sunt
1567 1797 1748 1881 extollendi,

448 1930 509 1974 non
535 1915 641 1973 tamen
671 1909 794 1974 fabulas
819 1909 899 1974 bene
928 1907 1117 1990 compositas
1145 1907 1310 1990 exhibent,
1344 1909 1461 1993 quippe
1486 1930 1566 1992 quae
1599 1917 1749 1976 consueto

448 2044 533 2089 more
553 2025 594 2090 ab
614 2023 737 2088 Adamo
758 2023 883 2088 initium
903 2023 1048 2107 capiant:
1080 2030 1174 2106 atque
1196 2023 1342 2108 Gudrun,
1365 2043 1490 2089 carmen
1511 2030 1666 2109 nostrum,
1687 2028 1749 2090 tria

447 2144 531 2203 certe
553 2139 714 2203 hominum
733 2158 851 2221 genera
871 2139 982 2221 tangit
1025 2139 1126 2216 Quam
1138 2144 1301 2222 poctarum
1313 2144 1412 2204 artem
1432 2138 1610 2204 iuferiorem
1631 2142 1747 2225 optime

447 2253 511 2317 iam
529 2253 713 2318 Aristoteles
730 2254 889 2338 vituperat
916 2254 949 2317 in
965 2252 1045 2317 libro
1069 2253 1109 2317 de
1131 2258 1198 2318 arte
1219 2253 1360 2337 poetica,
1381 2272 1450 2337 cap.
1470 2253 1591 2337 XXIII,
1612 2257 1641 2334 ἓ.
1653 2258 1680 2319 3.

526 2369 573 2432 Ac
592 2367 811 2432 Lachmannus
831 2387 954 2450 quoque
981 2367 1015 2430 in
1037 2368 1172 2451 epistola
1199 2367 1241 2430 ad
1261 2367 1425 2432 Lehrsium
1445 2367 1542 2432 missa
1572 2368 1746 2450 (Fricdl'an-

447 2483 517 2566 der,
538 2484 591 2550 die
612 2485 693 2549 hom.
713 2484 820 2548 Kritik
841 2504 902 2549 von
925 2483 1014 2549 Wolf
1039 2484 1087 2547 bis
1108 2483 1213 2565 (irate,
1234 2504 1370 2566 prooem.
1391 2485 1425 2548 in
1448 2505 1522 2568 pag.
1545 2485 1632 2566 VIII)
1660 2484 1746 2550 illam

446 2599 642 2682 facultatem,
675 2600 826 2664 unitatem
854 2598 1011 2683 poetieam
1045 2598 1247 2682 epopeiarum
1275 2599 1372 2663 veluti
1398 2599 1438 2664 de
1466 2600 1598 2665 AehiIIIs
1625 2600 1672 2664 ira
1694 2600 1742 2662 vel

448 2713 551 2778 Ulisis
577 2713 678 2778 reditu
699 2712 837 2796 eligendi
863 2713 895 2776 in
923 2713 1062 2776 animum
1091 2717 1122 2776 et
1141 2716 1208 2776 arte
1229 2716 1261 2776 et
1279 2712 1440 2778 intellectu
1467 2714 1629 2798 egregium
1648 2711 1741 2796 quad-

447 2849 525 2910 rare,
543 2829 659 2913 optime
676 2827 769 2911 dieit3
792 2846 885 2910 quam
907 2826 1060 2891 unitatem
1082 2826 1272 2911 simpliciore
1286 2833 1449 2911 poetarum
1464 2827 1621 2912 epicorum
1642 2831 1745 2893 aetate

446 2964 508 3007 non
534 2963 555 3006 a
583 2950 678 3026 poeta
706 2940 816 3007 confici
847 2940 903 3006 sed
930 2940 1039 3006 fabula
1066 2940 1138 3023 ipsa
1161 2940 1275 3005 animis
1302 2941 1454 3024 omnium,
1481 2943 1594 3024 quibus
1621 2943 1746 3027 singula

446 3058 508 3121 sint
528 3056 661 3140 tradita,
690 3055 777 3120 iniici
804 3054 903 3120 docet.
945 3054 1009 3120 Sed
1029 3054 1112 3136 quod
1140 3055 1207 3119 eius
1232 3055 1277 3120 rei
1299 3055 1476 3139 exemplum
1498 3056 1745 3141 Niblungiadem

425 3176 567 3235 ·tantum
586 3171 719 3254 profert,
750 3188 914 3254 perperam
941 3169 1008 3251 egit
1032 3188 1102 3233 cum
1130 3169 1272 3250 quaestio
1300 3168 1339 3234 de
1369 3169 1423 3233 illo
1450 3170 1519 3253 ipso
1547 3172 1684 3235 carmine
1706 3172 1747 3236 sit

446 3286 598 3349 instituta.
639 3286 707 3349 Nec
727 3284 830 3347 minus
851 3289 936 3347 recte
957 3281 1247 3347 Lachmannianam
1267 3281 1507 3367 argumentandi
1526 3284 1678 3349 rationem
1699 3306 1746 3349 se-

447 3406 536 3465 cutus
555 3398 715 3463 Arminius
735 3397 877 3481 Koechly
901 3396 995 3461 editis
1016 3394 1126 3459 Iliadis
1157 3398 1346 3462 carminibus
1376 3399 1515 3464 sedecim
1545 3400 1746 3482 „scholarum

447 3515 479 3578 in
500 3514 614 3578 usum“
635 3512 794 3577 meliorem
816 3511 901 3575 viam
922 3510 1042 3575 munire
1064 3509 1183 3574 studuit
1204 3511 1250 3575 cis
1272 3512 1325 3593 qui
1347 3518 1464 3577 rectam
1486 3512 1613 3578 fabulae
1633 3514 1745 3579 seriem

445 3628 535 3710 sequi
558 3628 679 3692 volunt:
710 3631 848 3689 attamen
875 3644 1079 3707 quaeeunque
1105 3624 1247 3689 exhibuit
1281 3646 1344 3690 non
1378 3626 1420 3690 ad
1446 3647 1535 3692 suam
1558 3627 1745 3693 sententiam

447 3741 642 3826 probandam
662 3760 770 3806 verum
791 3738 833 3803 ad
852 3743 966 3822 poetae
986 3744 1084 3802 artem
1104 3738 1321 3804 illustrandam
1343 3741 1524 3824 pertinent¹

524 3858 653 3927 Pactam
674 3855 769 3937 igitur
798 3858 916 3918 certum
944 3852 1101 3935 quendam
1129 3852 1212 3935 quod
1234 3852 1309 3919 Ilias
1337 3853 1442 3938 prodit
1462 3862 1557 3939 atque
1583 3858 1681 3922 alium
1700 3858 1744 3921 in-

445 3971 532 4055 genii
552 3969 685 4035 mitioris
704 3968 872 4053 Odyssea²
895 3973 927 4033 et
943 3965 1159 4032 diversitatem
1185 3987 1288 4031 rerum
1309 3968 1476 4033 multarum
1497 3969 1570 4035 inde
1591 3972 1678 4037 nasci
1700 3972 1744 4036 fa-

517 4186 527 4213 ¹
549 4180 623 4229 Tanti
649 4182 730 4229 autem
757 4179 873 4228 momenti
902 4191 942 4227 res
965 4181 1018 4236 cst,
1043 4181 1070 4227 ut
1091 4178 1112 4226 si
1136 4174 1287 4225 Lachmauni
1314 4176 1433 4225 rationem
1452 4180 1531 4230 secuti
1550 4194 1673 4239 ,essemus
1698 4180 1745 4230 hoc

445 4279 556 4319 nostrum
575 4267 723 4334 opusculum
745 4281 846 4332 prorsus
872 4266 945 4316 aliter
967 4264 1121 4315 exarandum
1147 4263 1251 4323 fuisset,
1285 4265 1377 4329 quippe
1400 4266 1427 4313 in
1451 4280 1499 4331 quo
1520 4266 1551 4316 ad
1570 4266 1744 4330 explicandam

446 4359 592 4421 potestatem
609 4356 704 4419 regiam
724 4354 764 4404 usi
782 4354 861 4403 simus
878 4351 936 4417 plns
954 4352 1144 4416 quadringentis
1164 4352 1235 4410 leals,
1253 4364 1357 4415 quorum
1375 4366 1489 4416 magnam
1508 4356 1602 4417 partem
1628 4368 1745 4419 respuere

448 4442 594 4495 deberemus
612 4444 635 4491 si
651 4443 733 4493 virum
749 4440 921 4491 doctissImum
945 4454 1116 4505 sequeremur:
1143 4456 1176 4491 ex
1198 4439 1285 4489 Iliadis
1310 4440 1418 4490 carmine
1443 4442 1509 4491 cuim
1533 4439 1612 4491 altero
1636 4446 1661 4491 et
1681 4457 1745 4492 nono

447 4534 545 4583 centum
565 4535 590 4580 et
607 4530 708 4592 triginta
725 4528 793 4579 locos
811 4529 951 4587 sumsimus,
972 4542 1076 4593 quorum
1097 4530 1230 4578 maxtmam
1254 4531 1349 4592 partem
1367 4528 1476 4594 spuriam
1498 4525 1542 4576 ille
1560 4524 1635 4576 habet
1652 4524 1745 4583 libello,

446 4620 487 4669 cui
505 4619 645 4683 inscripsit:
667 4617 867 4680 Betrachtungeu
886 4612 947 4664 uber
967 4614 1072 4665 Homers
1089 4614 1162 4673 Ilias,
1182 4617 1205 4663 2.
1225 4612 1289 4664 Aufl.
1308 4614 1332 4665 S.
1355 4618 1394 4665 ll.
1419 4616 1457 4665 12.
1480 4614 1518 4664 13.
1554 4614 1605 4673 mu
1622 4612 1744 4663 Zusatzen

446 4721 492 4758 von
511 4706 548 4754 M.
567 4704 661 4768 Haupt
680 4704 703 4755 S.
725 4706 782 4753 102.
808 4707 863 4755 104.

520 4794 531 4825 ⁹
553 4792 638 4857 licque
655 4797 736 4843 tamen
756 4791 815 4842 dum
832 4791 898 4841 hauc
915 4790 1014 4856 Berglrii
1034 4792 1178 4841 seutentiam
1195 4788 1341 4855 probamus,
1364 4789 1446 4839 omnia
1467 4788 1521 4839 cius
1539 4791 1685 4851 argumenta
1703 4802 1743 4838 se-
