4000 5700
911 531 933 592 5

274 681 317 746 sit
336 681 398 746 sibi
417 679 490 745 finis
509 699 568 764 per
585 680 649 745 se.“
697 679 854 763 (Compar.
881 679 917 743 F.
938 678 1063 762 Hegelii
1084 679 1253 763 Encyclop.
1274 679 1330 743 der
1350 678 1462 762 philos.
1486 679 1566 744 Wis-

273 793 471 860 senschaften
491 797 519 858 4.
533 793 615 859 Auli.
634 792 683 858 ed.
706 793 740 860 C.
756 793 967 858 Rusenkranz.
988 797 1018 884 ξ.
1031 796 1089 856 549
1111 794 1143 860 S.
1157 795 1237 874 484.)

352 908 571 974 Fundamenta
591 908 686 991 igitur
702 907 840 972 civitatis
857 914 966 972 contra
984 907 1180 992 Thucydidis
1205 908 1393 974 sententiam
1413 909 1467 992 qui
1488 929 1565 975 rern-

273 1024 432 1110 publicam
458 1043 528 1089 essc
555 1022 678 1088 censuit
701 1022 883 1088 societatem
909 1023 1078 1088 humanam
1111 1044 1132 1088 a
1158 1022 1369 1109 praedonibus
1396 1030 1428 1090 et
1454 1025 1566 1108 piratis

273 1139 360 1205 cives
378 1158 451 1204 suos
470 1137 704 1220 defendentem,
725 1156 801 1202 cum
822 1137 990 1202 Aristotele
1017 1143 1049 1202 et
1073 1159 1143 1203 curn
1164 1139 1297 1222 Hegelio
1316 1139 1421 1224 posita
1441 1159 1510 1204 esse
1533 1139 1565 1202 in

272 1253 400 1337 ingenio
419 1253 555 1317 humano
575 1251 762 1335 invenimus,
781 1253 828 1318 ita
848 1258 884 1317 ut
903 1254 975 1338 ipsa
995 1254 1172 1338 respublica
1191 1253 1233 1318 sit
1253 1253 1324 1318 finis
1346 1274 1403 1339 per
1423 1273 1466 1318 se.
1496 1255 1566 1320 Rei-

272 1368 418 1454 publicae
438 1372 543 1432 autem
563 1367 686 1432 initium
708 1368 792 1451 quod
823 1370 970 1452 cognosci
995 1369 1110 1453 possit,
1140 1369 1281 1453 capimus
1308 1389 1347 1434 ex
1368 1389 1406 1434 eo
1428 1375 1567 1454 tempore

272 1503 334 1565 quo
353 1483 494 1547 homines
517 1481 668 1548 desierint
688 1483 915 1568 circumvagari
936 1485 1072 1550 ferarum
1088 1484 1189 1568 modo,
1210 1491 1245 1548 ut
1266 1484 1363 1567 quieti
1384 1504 1446 1550 non
1467 1484 1566 1548 solum

273 1597 316 1661 ad
335 1597 405 1662 iura
418 1597 554 1681 privata,
575 1597 688 1679 quibus
707 1598 805 1663 vitam
826 1618 967 1663 securam
988 1597 1130 1682 reddant,
1151 1598 1319 1664 sedetiam
1339 1619 1415 1682 agro
1436 1597 1566 1664 colendo

273 1711 422 1777 accedere
443 1718 594 1796 cogantur
615 1713 657 1776 ad
682 1714 833 1778 bonorum
859 1715 1098 1798 possessionem.
1139 1715 1207 1780 Nec
1234 1734 1311 1779 sane
1332 1734 1371 1779 ex
1392 1714 1565 1781 rationibus

271 1827 363 1892 huius
384 1832 486 1892 terrae
505 1828 539 1892 in
552 1848 615 1910 qua
625 1828 770 1911 vivimus,
790 1829 861 1912 ipsa
880 1829 948 1894 vita
957 1829 1095 1894 humana
1109 1828 1303 1912 seiungenda
1316 1834 1372 1912 est,
1394 1835 1565 1896 utnecesse

271 1944 314 2008 sit
335 1961 437 2008 mores
462 1942 573 2008 ecdem
600 1938 692 2008 modo
718 1943 875 2007 leniantur
901 1949 933 2008 et
954 1943 1096 2008 colantur
1121 1949 1214 2026 atque
1240 1945 1317 2027 agri.
1360 1944 1565 2010 Coniunctum
1674 2027 1680 2042 ⁸

270 2060 354 2124 enim
374 2078 444 2123 cum
462 2057 652 2141 agricultura
673 2064 721 2122 est
743 2057 982 2122 matrimonium.
1016 2059 1149 2142 Incepta
1164 2064 1269 2124 autem
1289 2059 1479 2142 agricultura
1498 2062 1564 2126 nul-

269 2174 330 2239 lius
349 2173 421 2238 finis
441 2173 509 2238 vita
530 2177 633 2237 cessat
659 2171 743 2254 quod
770 2173 854 2237 bona
877 2192 1025 2257 possessa
1051 2192 1100 2238 res
1127 2172 1292 2239 familiaris
1318 2173 1403 2239 fiunt.
1446 2176 1565 2259 Itaque,

270 2286 355 2370 quod
375 2287 517 2351 homines
538 2307 601 2351 non
621 2287 768 2369 ignorant
788 2287 887 2351 multa
903 2288 963 2353 sibi
988 2307 1057 2353 esse
1080 2295 1201 2383 parata,
1221 2309 1301 2371 quae
1320 2309 1482 2356 asservare
1502 2296 1564 2356 stu-

270 2400 388 2466 debunt
408 2401 488 2483 suis,
508 2402 658 2466 bonorum
679 2421 804 2467 suorum
823 2423 912 2486 cura,
941 2403 1130 2469 familiarum
1152 2424 1272 2487 amore,
1301 2406 1393 2470 certis
1413 2406 1564 2472 institutis

269 2522 365 2598 atque
383 2516 507 2601 privato
527 2521 558 2580 ct
578 2516 704 2601 publico
723 2517 790 2582 iure
810 2523 943 2583 utentur.
985 2520 1073 2597 Quae
1094 2519 1265 2604 praeclaris
1285 2520 1390 2586 verbis
1402 2520 1576 2606 Odysseae

269 2637 364 2715 poeta
384 2651 424 2696 ex
446 2630 612 2696 intuitione
631 2631 729 2695 animi
750 2631 887 2714 quadam
912 2633 973 2700 sibi
996 2634 1107 2699 innata
1132 2635 1239 2701 docuit
1259 2637 1431 2721 Cyclopum
1452 2638 1561 2704 civita-
1637 2667 1642 2680 ·

269 2752 332 2810 tem
353 2745 534 2835 describens
556 2747 585 2809 9.
610 2747 757 2809 106-9;

503 2910 685 2977 Κυκλώπων
705 2914 731 2975 d'
751 2914 781 2987 ἒς
804 2921 891 2997 γαῖαν
910 2913 1106 3000 ὑπερφιάλων
1131 2914 1309 2998 ἀθεμίστων

505 3008 622 3092 ἱκόμεθ’
649 3012 680 3074 o‘r'
694 3009 733 3095 ῥα
746 3016 845 3073 θεοῖσι
865 3009 1046 3083 πεποιθότες
1064 3011 1266 3077 ἀθανάτοισιν

506 3104 575 3171 ούτε
593 3106 777 3194 φυτεύουσιν
794 3111 899 3190 χερσὶν
919 3110 1019 3193 φυτόν
1037 3105 1101 3173 ούτ’
1121 3108 1263 3195 ἀρόωσιν,

506 3203 583 3267 ἀλλά
603 3204 670 3288 τοὶγ’
694 3201 837 3288 ἀσπαρτα
855 3208 904 3269 καὶ
923 3204 1059 3290 ἀνήροτα
1079 3205 1181 3271 πάντα
1198 3207 1338 3295 φύονται.

347 3372 432 3437 Nam
453 3372 506 3437 ubi
526 3372 595 3455 agri
616 3373 690 3437 culti
711 3380 783 3438 sunt
801 3376 878 3440 nulli
899 3377 994 3441 etiam
1014 3377 1101 3461 leges
1112 3397 1180 3443 esse
1195 3362 1361 3463 nequeunt,
1382 3401 1452 3446 curn
1473 3381 1561 3445 farni-

267 3486 331 3553 liae
350 3487 510 3553 seiunctae
528 3487 647 3551 vivant.
1051 3482 1053 3490 ⁴

346 3605 375 3668 9.
399 3606 581 3667 rra-115:

426 3794 432 3805 ·
504 3777 601 3833 τοῖσιν
621 3772 648 3832 d'
668 3766 730 3833 ods’
753 3769 860 3855 ἀγοραὶ
878 3771 1070 3858 βουληφόροι
1092 3770 1160 3837 ούτε
1180 3774 1332 3855 θέμιστες,

505 3866 570 3929 ἀλλ’
593 3868 646 3950 o‘r'yl
666 3866 797 3951 ὑψηλῶν
817 3868 913 3955 όρύων
935 3873 1052 3934 ναιόυσι
1073 3868 1190 3955 κάρηνα

504 3966 535 4026 ἐν
557 3964 664 4028 σπέσσι
684 3971 875 4052 γλαφυροῖσι,
899 3965 1069 4051 θεμιστεύει
1090 3970 1122 4031 (λε’
1142 3969 1266 4043 ἕκαστος

505 4064 622 4126 παίδων
643 4062 690 4146 ἧδ’
713 4061 844 4145 ἀλόχων,
869 4064 933 4128 οὐδ’
954 4064 1094 4149 ἀλλήλων
1115 4064 1278 4150 ἀλέγουσιν.

681 4156 694 4184 0

347 4225 412 4292 Sed
434 4227 563 4293 multum
582 4237 691 4297 nostra
709 4233 861 4300 interesse
880 4234 1006 4300 videtur
1031 4256 1106 4301 num
1127 4236 1289 4321 Odysseae
1311 4238 1350 4303 de
1373 4239 1562 4323 Cyclopibus

267 4342 517 4425 narrationibus,
541 4364 614 4409 num
632 4348 876 4429 cogitationibus
894 4350 1150 4435 philosophorum
1178 4354 1328 4438 expositis
1351 4352 1444 4419 fidem
1465 4374 1561 4437 quan-

266 4456 340 4521 dam
360 4456 542 4523 historicam
571 4461 742 4542 poterimus
769 4461 923 4547 adiicere,
950 4465 1155 4549 repetendam
1183 4487 1222 4532 ex
1247 4470 1561 4553 rerumpublicarum

265 4572 387 4655 origine
414 4579 447 4637 et
472 4574 658 4657 populorum
684 4576 890 4642 incunabulis.
937 4556 1015 4657 Quis
1046 4582 1129 4646 enim
1162 4582 1319 4648 dubitabit
1351 4585 1427 4667 quin
1455 4606 1562 4651 omnes

265 4692 376 4771 gentes
392 4688 612 4772 sanseritioae,
640 4710 722 4772 quae
741 4712 835 4756 unam
856 4694 1009 4777 originem
1030 4696 1193 4779 permultis
1215 4698 1306 4763 rebus
1327 4699 1476 4781 produnt,
1503 4701 1561 4765 rei-

266 4802 413 4886 publicae
433 4824 557 4889 quoque
579 4805 786 4873 fundamenta
805 4808 924 4894 pariter
943 4810 1098 4875 iecerint?
1131 4811 1181 4876 En
1200 4813 1284 4897 apud
1305 4814 1466 4881 Phaeaces
1486 4814 1560 4880 duo-
