4000 5700
892 537 931 598 25

552 673 573 765 ἦ
592 680 649 766 γάρ
672 683 700 746 οἱ
719 681 784 766 ζωή
804 686 830 766 7)
850 672 888 746 dv
907 679 1057 756 ἄσπετος·
1081 681 1175 747 odrae
1194 683 1291 768 τόσση

551 776 673 864 ἄνδρων
694 775 810 863 ἡρώιον,
833 777 895 843 οὔτ’
917 779 1050 863 ἠπείροιο
1076 782 1215 864 μελαίνης

553 875 617 942 or’r'u'
637 877 733 962 αὐτῆς
753 877 914 962 ἸθάκηςΗ

264 1038 358 1114 atque
383 1053 403 1097 a
427 1032 542 1116 populo
576 1031 705 1097 ditiores
738 1030 956 1098 reddebantur.
997 1031 1099 1112 Quam
1134 1031 1175 1096 ob
1201 1051 1329 1096 causam
1356 1033 1558 1098 inconcione

264 1148 471 1213 Telemachus
493 1147 571 1214 haec
593 1150 620 1228 1,
641 1149 709 1230 392,
728 1149 762 1209 3:

495 1295 531 1359 οὐ
556 1296 611 1377 μέν
636 1293 693 1380 γάρ
716 1321 745 1360 τι
765 1298 855 1359 κακὸν
873 1294 1080 1378 βασιλεύεμεν·
1102 1291 1182 1377 ιἰῗψα
1202 1322 1233 1362 τε
1255 1297 1283 1359 οἳ
1305 1299 1350 1362 du‘r

493 1392 617 1478 α’φνειὸν
636 1393 754 1458 πέλεται
773 1395 820 1455 καὶ
843 1391 1161 1477 τιμηέστεροςαύτός.
1255 1389 1258 1398 ’

345 1570 455 1650 ltaque
476 1568 617 1653 Sarpcdo
638 1568 767 1633 obeam
788 1587 916 1633 caueam
944 1568 1080 1634 amicum
1102 1569 1254 1634 Glaucum
1281 1568 1420 1666 hortatur
1445 1574 1479 1631 ut
1499 1566 1558 1632 for-

265 1686 307 1750 tis
328 1687 378 1766 sit,
400 1683 483 1767 quod
505 1690 538 1750 ut
558 1684 626 1768 ipse
650 1684 748 1749 multa
767 1704 788 1748 a
808 1683 923 1768 populo
943 1684 1101 1769 acceperit
1119 1683 1180 1748 Xll
1201 1686 1270 1766 319,
1300 1686 1312 1744 1
1337 1687 1369 1748 et
1389 1685 1424 1746 3:

565 1836 678 1895 Ιλαῦιιε
697 1833 744 1914 τιή
766 1834 805 1915 δὴ
826 1836 884 1895 νῶϊ
900 1828 1111 1914 τετιμήμεσθα
1129 1828 1264 1913 μάλιστα

564 1933 636 2018 έὸρῃ
657 1955 688 1993 τε
708 1930 827 2015 κρέασίν
849 1933 874 1993 τ’
896 1929 948 2013 η’ὄὲ
969 1931 1080 2004 πλείοις
1101 1927 1258 1992 δεπάεσσιν

535 2125 542 2144 “
645 2125 692 2189 καὶ
716 2125 836 2206 τέμενος
859 2121 1037 2205 νεμόμεσθα
1057 2150 1082 2187 ιι.
1104 2150 1130 2187 τ.
1155 2130 1181 2188 λ.

266 2301 351 2384 quod
371 2297 515 2365 honorati
539 2297 602 2362 sint
622 2301 654 2360 et
674 2295 775 2379 epulis
797 2299 828 2359 et
849 2292 980 2378 praedio
1000 2293 1097 2377 regio.
1138 2293 1229 2372 Quod
1258 2295 1421 2380 praedium
1442 2299 1561 2381 regium

267 2415 541 2480 emolumentorum
578 2411 743 2495 potestatis
770 2410 889 2492 regiae.
902 2429 1053 2475 summum
1087 2409 1210 2500 videtur
1236 2410 1341 2476 luisse.
1403 2412 1562 2477 Nausicaa

267 2529 353 2596 Ulixi
375 2528 473 2612 patris
493 2526 657 2613 praedium
677 2526 827 2591 describit
845 2528 873 2603 6,
888 2527 962 2589 293:
1115 2514 1120 2522 ¹

510 2675 587 2739 ένθα
607 2676 639 2739 (λε’
660 2677 777 2759 πατρός
798 2676 874 2756 ε’μοῦ
894 2674 1017 2756 τέμενος
1037 2672 1183 2738 τεθαλυῖά
1205 2677 1229 2738 τ’
1250 2672 1334 2758 olda

911 2765 920 2789 0

247 2945 248 2948 ¹
266 2851 370 2918 Ulixis
391 2850 554 2934 praedium
574 2855 763 2919 memoratur
784 2853 838 2932 17,
861 2851 936 2931 298,
955 2852 983 2914 ,9
1012 2855 1044 2915 ct
1073 2852 1125 2931 11,
1156 2851 1211 2913 185
1234 2850 1285 2915 vel
1307 2851 1438 2934 praedia
1459 2853 1563 2919 Ulixis

266 2967 480 3033 nominantur:

686 3079 868 3162 Τηλέμαχος
889 3077 995 3160 τεμένη
1019 3077 1144 3159 νέμεται.

346 3253 483 3337 Populus
513 3260 618 3319 autem
650 3253 781 3337 praedia
816 3274 897 3318 novo
931 3253 998 3336 regi
1034 3254 1164 3337 praebet
1197 3259 1231 3319 ut
1256 3254 1490 3340 Bellerophonti
1518 3257 1565 3337 Vl¹

244 3370 343 3447 1194,
364 3372 399 3431 5:
443 3439 447 3445 ,

505 3483 552 3543 καὶ
571 3481 628 3562 μέν
650 3480 813 3568 οἱ-Λύκιοι
841 3481 963 3562 τέμενος
989 3478 1089 3561 τάμον
1112 3480 1222 3563 έξοχον
1242 3477 1343 3547 ἄλλων

503 3581 594 3642 καλὸν
615 3580 764 3664 φοτμλέης
782 3580 829 3641 καὶ
850 3576 991 3663 ἀρούρης,
1015 3573 1099 3663 ὄφρα
1115 3578 1235 3660 νέμοιτο

269 3757 301 3814 et
320 3751 360 3814 ob
385 3750 534 3815 maiorem
560 3748 719 3833 quandam
741 3747 954 3814 tortitudinem
982 3752 1016 3811 ut
1042 3747 1199 3832 principes
1219 3748 1377 3832 Meleagro
1402 3749 1564 3833 praedium

270 3863 461 3947 pollicentur,
480 3865 533 3947 qui
555 3865 641 3949 ipsos
662 3870 825 3930 conservet
846 3866 894 3929 IX
914 3866 989 3926 578:

534 4011 609 4076 ένθα
630 4040 683 4095 μιν
703 4008 820 4097 ἤνοιγον
839 4014 961 4096 τέμενος
987 4012 1156 4095 περικαλλές
1178 4008 1308 4076 ἑλέσθαι.

351 4200 414 4266 Sed
435 4200 566 4284 legimus
586 4202 653 4267 loco
675 4203 770 4268 citato
784 4202 997 4286 Sarpedonem
1019 4221 1081 4265 uon
1105 4200 1204 4264 solum
1225 4197 1356 4282 praedia
1376 4199 1460 4282 regis
1482 4218 1562 4263 emo-

269 4318 408 4383 lumenta
430 4317 546 4382 habere
565 4317 622 4382 sed
644 4318 738 4383 ctiam
759 4318 884 4401 epulas,
903 4317 1017 4400 quibus
1039 4315 1173 4401 populus
1193 4334 1299 4398 regem
1320 4314 1460 4379 honorat.
1501 4314 1562 4379 Ne-

269 4451 330 4514 que
350 4432 415 4497 alia
435 4432 476 4498 de
495 4432 649 4499 Diomede
667 4440 738 4499 aunt
763 4433 882 4518 scripta
903 4434 980 4500 Vlll
1004 4435 1069 4517 161,
1089 4436 1122 4496 2:

342 4748 369 4779 ¹²
393 4746 458 4807 Quid
476 4747 579 4800 divitiae
597 4744 693 4797 ualeant
705 4744 853 4798 Aristotcles
878 4760 925 4795 nou
942 4746 1039 4810 ignorat
1055 4746 1099 4811 qui
1116 4758 1215 4795 causam
1235 4738 1372 4795 nobilitatis
1390 4742 1489 4793 divitias
1508 4720 1563 4792 csse

270 4834 331 4885 dicit
347 4834 402 4885 Pol.
420 4833 456 4887 IV
476 4838 500 4893 fi,
516 4839 532 4885 5
548 4828 564 4898 ἡ
580 4828 634 4904 γὰρ
654 4827 772 4903 εὐγένειά
788 4833 860 4883 ἐστιν
878 4827 985 4902 ἀρχαῖος
1003 4828 1116 4884 πλοῦτοι
1133 4834 1177 4882 καὶ
1194 4826 1278 4903 ἀρετή
1296 4831 1332 4897 (ot
1347 4831 1378 4882 V.
1399 4833 1421 4890 1,
1440 4828 1475 4895 3.)
1561 4846 1565 4859 r
