4000 5700
902 533 941 594 23

281 681 520 761 comaclum,
542 683 576 761 5,
599 679 629 742 11
651 680 724 759 sor,
746 680 781 760 ο,
816 679 843 740 u
865 681 917 742 asr
941 681 1072 762 41394,
1096 680 1172 745 vul
1201 683 1260 742 aar
1282 687 1313 744 a
1333 683 1408 762 5423
1435 681 1495 746 vu
1516 683 1574 744 scr

279 798 402 877 51378,
424 794 532 859 xvur
552 797 611 856 245
629 799 661 858 et
680 795 752 873 3103
772 791 858 858 xlx·
871 795 946 872 2763
968 796 986 855 n
1008 796 1075 857 τοι.

357 911 469 992 Neque
490 909 553 973 ullo
573 913 730 972 momento
751 907 909 973 concionis
929 909 978 973 vis
997 909 1189 992 diminuitur,
1210 910 1236 974 si
1256 930 1317 976 non
1332 910 1475 975 omnihus
1497 889 1574 975 locis

279 1025 420 1090 additum
443 1029 507 1105 est,
527 1021 611 1105 quod
637 1021 770 1105 populus
798 1022 946 1105 voluerit;
973 1044 1046 1087 nam
1068 1044 1129 1087 non
1157 1024 1256 1088 solum
1277 1025 1500 1090 Germanorum
1527 1031 1575 1090 est

278 1139 402 1205 fremitu
423 1137 598 1221 aspernari:
618 1135 780 1202 Thersites
799 1137 957 1202 Invehitur
976 1138 1010 1201 in
1033 1139 1298 1221 Agamemnonem
1320 1140 1349 1202 ll
1370 1141 1428 1201 243
1436 1149 1450 1200 :'

523 1282 565 1359 ὥς
587 1282 669 1369 φάτο
696 1285 821 1347 νεικείων
838 1283 1062 1367 Ἀγαμέμνονα,
1090 1286 1215 1367 ποίμενα
1237 1289 1318 1350 λαῶν

280 1443 374 1520 atque
394 1437 574 1502 Ithacenses
593 1457 656 1502 non
676 1437 873 1502 consentiunt
893 1457 963 1502 curn
982 1438 1124 1522 principe
1146 1437 1324 1504 Halitherse
1344 1440 1399 1519 21,
1421 1439 1489 1518 463,
1507 1440 1541 1498 4:

520 1581 561 1658 ιῗλς
583 1584 676 1668 ἔφαθ’
699 1585 725 1647 oi
747 1588 774 1647 δ’
794 1581 842 1667 ἄρ’
864 1583 986 1668 άνήιξοιν
1007 1583 1127 1673 μεγάλῳ
1150 1585 1289 1672 ἀλαλητῷ

516 1679 648 1761 ἡμισέων
670 1682 788 1754 πλείους

279 1837 311 1896 et
329 1831 441 1912 quihus
460 1851 522 1893 non
544 1830 649 1914 placet
667 1828 829 1915 Odysseae
851 1838 989 1897 extrema
1009 1853 1100 1916 pars,
1121 1832 1152 1897 hi
1174 1834 1282 1917 legunt
1304 1839 1332 1914 3,
1355 1839 1420 1919 149,
1439 1840 1494 1898 50:

577 1977 604 2039 ci
624 1979 650 2039 (λ’
671 1976 843 2060 ἀνόρουσαν
865 1977 1036 2062 ἐυκνήμιδες
1051 1978 1169 2060 Ἀχαιοὶ

576 2072 637 2159 ἠχῇ
658 2076 813 2160 θεσπεσίῃ,
837 2076 908 2157 δίχα
929 2075 964 2138 δι’
983 2099 1088 2160 σφισιν
1107 2071 1213 2158 ἥνδανε
1233 2075 1340 2160 βουλή.

359 2264 474 2326 Hector
492 2265 596 2324 autem
617 2260 837 2344 Polydamanti
861 2262 938 2327 dicit
953 2283 1016 2327 non
1037 2263 1102 2328 fore
1128 2269 1162 2328 ut
1179 2265 1308 2330 Troiani
1336 2268 1397 2352 ipsi
1424 2269 1575 2339 obediant
1620 2320 1624 2329 .

280 2380 388 2444 XVIII
408 2383 481 2462 295,
502 2384 538 2461 6,
558 2377 592 2442 id
613 2376 696 2459 quod
717 2382 818 2440 ratum
838 2376 958 2442 iaciunt
979 2377 1086 2442 XVIII
1111 2380 1185 2466 312,
1212 2383 1247 2462 33
1271 2403 1379 2466 neque.
1396 2384 1574 2452 Ithacenses
1626 2383 1630 2394 '

281 2500 434 2560 oratorem
455 2499 625 2578 sequuntur
642 2495 691 2573 24,
710 2494 778 2573 465,
795 2493 829 2554 6:

518 2639 554 2705 ori
574 2637 630 2723 γάρ
653 2662 726 2723 σφιν
743 2632 795 2700 cide
817 2643 922 2720 μῖθος
945 2639 985 2701 ε’νὶ
1014 2601 1120 2724 φρεσὶν
1145 2639 1207 2703 ἀλλ’
1229 2640 1370 2706 Εὐπείθει

515 2739 668 2801 πείθοντ’·
690 2732 769 2816 αἶψα
789 2760 814 2799 κ.
837 2761 861 2800 τ.
882 2741 908 2799 λ.

357 2909 560 2973 Luculentum
591 2908 726 2989 denique
765 2908 865 2971 locum
898 2906 938 2970 de
979 2907 1086 2989 populi
1121 2908 1221 2973 libera
1255 2910 1414 2978 voluntate
1446 2917 1576 2998 praebet

278 3024 440 3108 Odysseae
460 3025 564 3090 contio
586 3027 614 3105 3,
637 3024 801 3104 137-185,
823 3022 958 3105 licetque
981 3023 1124 3088 versibus
1146 3024 1251 3090 citatis
1273 3025 1410 3094 adiicere
1431 3031 1459 3112 3,
1481 3034 1552 3094 150:

676 3174 747 3254 δι’χιι
769 3175 803 3236 δέ
821 3195 928 3257 σιμσιν
951 3167 1058 3255 ἥνδανε
1078 3171 1177 3256 βουλή

279 3327 385 3409 itaque
406 3329 434 3407 3,
457 3329 589 3388 155-7:

576 3472 693 3552 άμίσεες
713 3477 740 3536 d'
761 3469 821 3557 άριι
842 3478 908 3536 λαοὶ
930 3472 1094 3557 ἐρητύοντο
1114 3476 1255 3555 με’νοντες

576 3558 653 3631 αὖθι
682 3574 751 3652 παρ’
768 3568 906 3654 Ἀτρεΐδῃ
924 3558 1133 3652 Ἀγαμέμνονι,
1153 3572 1271 3651 ποιμένι
1291 3577 1374 3636 λιιιῦν
1401 3602 1405 3609 ’

494 3743 498 3752 ,
578 3668 694 3750 ἡμίσεες
715 3670 741 3728 ‹l’
761 3666 926 3747 ἀναβάντες
942 3665 1105 3749 ε’λιιύνομεν
1119 3708 1157 3716 -
1178 3706 1215 3714 ·—
1238 3708 1275 3717 -

280 3821 353 3886 vide
373 3823 526 3907 imprimis
547 3843 656 3888 versus
677 3825 705 3903 3,
731 3823 869 3903 162-3,
892 3824 958 3903 165,
979 3823 1008 3904 6,
1029 3824 1056 3885 7.

359 3936 566 4003 Vehementer
590 3937 803 4038 Myrmidones
825 3937 858 3999 in
881 3937 984 4019 ipsum
1007 3936 1159 4002 Achillem
1188 3938 1329 4003 invectos
1357 3959 1426 4003 esse
1448 3940 1480 4003 in
1503 3960 1574 4004 con·
1636 3910 1644 3916 ”

280 4049 365 4115 tione
385 4050 518 4132 legimus
537 4052 614 4116 XVI
634 4054 702 4131 262,
723 4054 741 4114 3
764 4060 795 4116 et
813 4053 887 4114 207:

755 4197 939 4284 μ’ῄτιάιισθε
960 4199 1100 4273 ἕκαστος·

539 4296 652 4376 σχέτλιε
668 4298 787 4379 Πηλέος
809 4296 859 4375 vil,
881 4294 966 4383 χόλῳ
990 4293 1051 4375 dioc
1066 4301 1093 4358 ‹r’
1116 4298 1220 4382 ἔτρεφε
1236 4298 1337 4382 μήτηρ

538 4394 633 4474 νηλεές
652 4419 677 4456 ιι.
695 4403 726 4457 ’τ.
748 4399 773 4455 λ.

540 4495 637 4553 ταῦτα
658 4495 689 4570 μ’
711 4489 893 4574 ἀγειρόμενοι
916 4491 993 4572 θάμ’
1015 4494 1131 4573 ἐβάζετε
1167 4532 1200 4541 -·
1223 4533 1260 4542 -
1283 4534 1320 4541 -
1367 4536 1369 4541 ,

360 4680 471 4763 Populi
500 4682 595 4762 igitur
623 4684 809 4763 potestatem
828 4680 859 4743 in
888 4680 1089 4746 concionibus
1111 4681 1254 4745 novilnus
1282 4700 1382 4762 neque
1402 4687 1505 4744 tamen
1525 4680 1575 4743 his

279 4795 394 4862 finibus
414 4796 556 4881 potentia
578 4796 739 4880 popularis
766 4803 813 4862 est
841 4796 1084 4881 circumscripta.
1127 4798 1209 4862 Nam
1236 4817 1298 4862 non
1330 4796 1459 4861 multum
1486 4795 1576 4861 abest
